<?xml version="1.0" encoding="UTF-8"?>
<!DOCTYPE html PUBLIC "-//W3C//DTD XHTML 1.0 Transitional//EN"
    "http://www.w3.org/TR/xhtml1/DTD/xhtml1-transitional.dtd">
<html xmlns="http://www.w3.org/1999/xhtml" xml:lang="en" lang="en">
 <head>
  <title>
</title>
<meta http-equiv="Content-Type" content="text/html;charset=utf-8" />
  <meta name='ocr-system' content='tesseract 3.04.00' />
  <meta name='ocr-capabilities' content='ocr_page ocr_carea ocr_par ocr_line ocrx_word'/>
</head>
<body>
  <div class='ocr_page' id='page_1' title='image "./quaestionumlaco00webegoog_0034.png"; bbox 0 0 3814 5370; ppageno 0'>
   <div class='ocr_carea' id='block_1_1' title="bbox 1004 0 1528 2">
    <p class='ocr_par' dir='ltr' id='par_1_1' title="bbox 1004 0 1528 2">
     <span class='ocr_line' id='line_1_1' title="bbox 1004 0 1528 2; baseline 0 0"><span class='ocrx_word' id='word_1_1' title='bbox 1004 0 1528 2; x_wconf 95' lang='lat' dir='ltr'> </span> 
     </span>
    </p>
   </div>
   <div class='ocr_carea' id='block_1_2' title="bbox 841 407 882 468">
    <p class='ocr_par' dir='ltr' id='par_1_2' title="bbox 841 407 882 468">
     <span class='ocr_line' id='line_1_2' title="bbox 841 407 882 468; baseline 0.049 -2"><span class='ocrx_word' id='word_1_2' title='bbox 841 407 882 468; x_wconf 87' lang='lat'>23</span> 
     </span>
    </p>
   </div>
   <div class='ocr_carea' id='block_1_3' title="bbox 203 577 1510 4984">
    <p class='ocr_par' dir='ltr' id='par_1_3' title="bbox 209 577 1509 1078">
     <span class='ocr_line' id='line_1_3' title="bbox 209 577 1509 663; baseline 0.002 -19"><span class='ocrx_word' id='word_1_3' title='bbox 209 579 273 658; x_wconf 87' lang='lat' dir='ltr'>Qui</span> <span class='ocrx_word' id='word_1_4' title='bbox 297 595 369 643; x_wconf 89' lang='lat' dir='ltr'>cum</span> <span class='ocrx_word' id='word_1_5' title='bbox 388 577 554 660; x_wconf 85' lang='lat' dir='ltr'>ingentem</span> <span class='ocrx_word' id='word_1_6' title='bbox 573 581 712 657; x_wconf 80' lang='lat' dir='ltr'>Spartae</span> <span class='ocrx_word' id='word_1_7' title='bbox 727 581 909 643; x_wconf 85' lang='lat' dir='ltr'>statuarum</span> <span class='ocrx_word' id='word_1_8' title='bbox 923 595 1090 644; x_wconf 90' lang='lat' dir='ltr'>numerum</span> <span class='ocrx_word' id='word_1_9' title='bbox 1106 586 1340 663; x_wconf 87' lang='lat' dir='ltr'>commemoret,</span> <span class='ocrx_word' id='word_1_10' title='bbox 1365 581 1509 647; x_wconf 82' lang='grc'>11111111</span> 
     </span>
     <span class='ocr_line' id='line_1_4' title="bbox 209 681 1508 770; baseline 0.002 -20"><span class='ocrx_word' id='word_1_11' title='bbox 209 689 324 750; x_wconf 89' lang='lat' dir='ltr'>tamen</span> <span class='ocrx_word' id='word_1_12' title='bbox 344 681 403 748; x_wconf 91' lang='lat' dir='ltr'>nisi</span> <span class='ocrx_word' id='word_1_13' title='bbox 427 681 468 746; x_wconf 92' lang='lat' dir='ltr'>de</span> <span class='ocrx_word' id='word_1_14' title='bbox 491 681 637 762; x_wconf 84' lang='lat' dir='ltr'><strong>Apolline</strong></span> <span class='ocrx_word' id='word_1_15' title='bbox 659 681 831 764; x_wconf 86' lang='lat' dir='ltr'>Amyclaeo</span> <span class='ocrx_word' id='word_1_16' title='bbox 855 687 889 748; x_wconf 90' lang='grc'>11</span> <span class='ocrx_word' id='word_1_17' title='bbox 911 682 1055 766; x_wconf 86' lang='lat' dir='ltr'>Pythaeo</span> <span class='ocrx_word' id='word_1_18' title='bbox 1078 683 1139 766; x_wconf 91' lang='lat' dir='ltr'>(III</span> <span class='ocrx_word' id='word_1_19' title='bbox 1169 689 1218 768; x_wconf 89' lang='lat'>10,</span> <span class='ocrx_word' id='word_1_20' title='bbox 1235 691 1264 752; x_wconf 89' lang='lat'>8.</span> <span class='ocrx_word' id='word_1_21' title='bbox 1290 691 1339 769; x_wconf 96' lang='grc'>11,</span> <span class='ocrx_word' id='word_1_22' title='bbox 1355 691 1383 751; x_wconf 88' lang='grc'>9.</span> <span class='ocrx_word' id='word_1_23' title='bbox 1410 690 1459 770; x_wconf 88' lang='grc'>19,</span> <span class='ocrx_word' id='word_1_24' title='bbox 1474 686 1508 769; x_wconf 83' lang='grc'>2)</span> 
     </span>
     <span class='ocr_line' id='line_1_5' title="bbox 214 784 1508 873; baseline 0.001 -18"><span class='ocrx_word' id='word_1_25' title='bbox 214 789 304 855; x_wconf 88' lang='lat' dir='ltr'>dicat</span> <span class='ocrx_word' id='word_1_26' title='bbox 332 805 402 853; x_wconf 89' lang='lat' dir='ltr'>eam</span> <span class='ocrx_word' id='word_1_27' title='bbox 429 787 556 852; x_wconf 81' lang='lat' dir='ltr'><strong>hastam</strong></span> <span class='ocrx_word' id='word_1_28' title='bbox 584 786 745 869; x_wconf 80' lang='lat' dir='ltr'>gessisse,</span> <span class='ocrx_word' id='word_1_29' title='bbox 781 784 865 868; x_wconf 93' lang='lat' dir='ltr'>quod</span> <span class='ocrx_word' id='word_1_30' title='bbox 897 787 932 872; x_wconf 78' lang='lat' dir='ltr'>si,</span> <span class='ocrx_word' id='word_1_31' title='bbox 957 789 989 852; x_wconf 93' lang='lat' dir='ltr'>in</span> <span class='ocrx_word' id='word_1_32' title='bbox 1017 794 1142 854; x_wconf 89' lang='lat' dir='ltr'>ceteros</span> <span class='ocrx_word' id='word_1_33' title='bbox 1166 789 1243 856; x_wconf 87' lang='lat' dir='ltr'>deos</span> <span class='ocrx_word' id='word_1_34' title='bbox 1267 790 1407 872; x_wconf 89' lang='lat' dir='ltr'>deasque</span> <span class='ocrx_word' id='word_1_35' title='bbox 1430 809 1508 873; x_wconf 91' lang='lat' dir='ltr'>qua·</span> 
     </span>
     <span class='ocr_line' id='line_1_6' title="bbox 215 889 1507 978; baseline 0.002 -18"><span class='ocrx_word' id='word_1_36' title='bbox 215 894 359 972; x_wconf 90' lang='lat' dir='ltr'>drasset,</span> <span class='ocrx_word' id='word_1_37' title='bbox 395 891 489 958; x_wconf 89' lang='lat' dir='ltr'>valde</span> <span class='ocrx_word' id='word_1_38' title='bbox 511 892 626 958; x_wconf 91' lang='lat' dir='ltr'>mirum</span> <span class='ocrx_word' id='word_1_39' title='bbox 649 897 737 958; x_wconf 88' lang='lat' dir='ltr'>esset</span> <span class='ocrx_word' id='word_1_40' title='bbox 760 889 800 957; x_wconf 89' lang='lat' dir='ltr'>ab</span> <span class='ocrx_word' id='word_1_41' title='bbox 824 911 862 958; x_wconf 92' lang='grc' dir='ltr'>1ο</span> <span class='ocrx_word' id='word_1_42' title='bbox 886 911 957 958; x_wconf 87' lang='grc'>1111</span> <span class='ocrx_word' id='word_1_43' title='bbox 980 894 1180 978; x_wconf 87' lang='lat' dir='ltr'>neglectum,</span> <span class='ocrx_word' id='word_1_44' title='bbox 1213 895 1312 961; x_wconf 90' lang='lat' dir='ltr'>etiam</span> <span class='ocrx_word' id='word_1_45' title='bbox 1333 895 1393 961; x_wconf 89' lang='lat' dir='ltr'>hac</span> <span class='ocrx_word' id='word_1_46' title='bbox 1415 896 1448 961; x_wconf 95' lang='lat' dir='ltr'>in</span> <span class='ocrx_word' id='word_1_47' title='bbox 1470 915 1507 962; x_wconf 91' lang='lat' dir='ltr'>re</span> 
     </span>
     <span class='ocr_line' id='line_1_7' title="bbox 215 995 998 1078; baseline -0.004 -13"><span class='ocrx_word' id='word_1_48' title='bbox 215 997 395 1065; x_wconf 86' lang='lat' dir='ltr'>enarranda</span> <span class='ocrx_word' id='word_1_49' title='bbox 416 997 457 1062; x_wconf 94' lang='lat' dir='ltr'>de</span> <span class='ocrx_word' id='word_1_50' title='bbox 479 997 699 1078; x_wconf 80' lang='lat' dir='ltr'>compilatoris</span> <span class='ocrx_word' id='word_1_51' title='bbox 721 995 784 1063; x_wconf 88' lang='lat' dir='ltr'>fide</span> <span class='ocrx_word' id='word_1_52' title='bbox 807 1003 914 1064; x_wconf 91' lang='lat' dir='ltr'>actum</span> <span class='ocrx_word' id='word_1_53' title='bbox 937 1003 998 1063; x_wconf 91' lang='lat' dir='ltr'>est.</span> 
     </span>
    </p>

    <p class='ocr_par' dir='ltr' id='par_1_4' title="bbox 210 1102 1509 2136">
     <span class='ocr_line' id='line_1_8' title="bbox 296 1102 1509 1187; baseline 0.002 -17"><span class='ocrx_word' id='word_1_54' title='bbox 296 1103 387 1182; x_wconf 82' lang='lat' dir='ltr'>onae</span> <span class='ocrx_word' id='word_1_55' title='bbox 411 1102 517 1185; x_wconf 90' lang='lat' dir='ltr'>capite</span> <span class='ocrx_word' id='word_1_56' title='bbox 535 1106 576 1168; x_wconf 85' lang='lat'>28</span> <span class='ocrx_word' id='word_1_57' title='bbox 599 1102 746 1187; x_wconf 86' lang='lat' dir='ltr'>legimus,</span> <span class='ocrx_word' id='word_1_58' title='bbox 769 1102 914 1168; x_wconf 85' lang='lat' dir='ltr'>Lacones</span> <span class='ocrx_word' id='word_1_59' title='bbox 936 1121 1015 1184; x_wconf 92' lang='lat' dir='ltr'>opus</span> <span class='ocrx_word' id='word_1_60' title='bbox 1035 1103 1165 1186; x_wconf 81' lang='lat' dir='ltr'>aliquod</span> <span class='ocrx_word' id='word_1_61' title='bbox 1180 1111 1386 1187; x_wconf 87' lang='lat' dir='ltr'>suscepturos</span> <span class='ocrx_word' id='word_1_62' title='bbox 1401 1105 1509 1172; x_wconf 91' lang='lat' dir='ltr'>dicere</span> 
     </span>
     <span class='ocr_line' id='line_1_9' title="bbox 210 1203 1509 1293; baseline 0.002 -18"><span class='ocrx_word' id='word_1_63' title='bbox 210 1209 415 1276; x_wconf 76' lang='lat' dir='ltr'>consuevisse</span> <span class='ocrx_word' id='word_1_64' title='bbox 437 1203 488 1271; x_wconf 81' lang='grc' dir='ltr'>τὰν</span> <span class='ocrx_word' id='word_1_65' title='bbox 510 1207 598 1293; x_wconf 83' lang='grc' dir='ltr'>χεῖρα</span> <span class='ocrx_word' id='word_1_66' title='bbox 620 1206 815 1292; x_wconf 85' lang='grc' dir='ltr'>ποτιφέροντα</span> <span class='ocrx_word' id='word_1_67' title='bbox 837 1205 888 1272; x_wconf 84' lang='grc' dir='ltr'>τάν</span> <span class='ocrx_word' id='word_1_68' title='bbox 911 1205 1002 1293; x_wconf 73' lang='grc' dir='ltr'>τύχαν</span> <span class='ocrx_word' id='word_1_69' title='bbox 1026 1210 1145 1289; x_wconf 78' lang='grc' dir='ltr'><strong>καλεῖν,</strong></span> <span class='ocrx_word' id='word_1_70' title='bbox 1180 1229 1218 1276; x_wconf 83' lang='grc'>11</span> <span class='ocrx_word' id='word_1_71' title='bbox 1250 1210 1323 1277; x_wconf 91' lang='lat' dir='ltr'>hinc</span> <span class='ocrx_word' id='word_1_72' title='bbox 1347 1211 1509 1293; x_wconf 81' lang='lat' dir='ltr'>decerpsit</span> 
     </span>
     <span class='ocr_line' id='line_1_10' title="bbox 210 1310 1508 1400; baseline 0.002 -19"><span class='ocrx_word' id='word_1_73' title='bbox 210 1316 244 1381; x_wconf 93' lang='lat' dir='ltr'>in</span> <span class='ocrx_word' id='word_1_74' title='bbox 266 1333 357 1380; x_wconf 88' lang='lat' dir='ltr'>suam</span> <span class='ocrx_word' id='word_1_75' title='bbox 378 1310 619 1395; x_wconf 84' lang='lat' dir='ltr'>proverbiorum</span> <span class='ocrx_word' id='word_1_76' title='bbox 644 1313 863 1378; x_wconf 89' lang='lat' dir='ltr'>collectionem</span> <span class='ocrx_word' id='word_1_77' title='bbox 887 1314 1072 1395; x_wconf 87' lang='lat' dir='ltr'>Apostolius</span> <span class='ocrx_word' id='word_1_78' title='bbox 1096 1313 1168 1400; x_wconf 87' lang='lat' dir='ltr'>(XV</span> <span class='ocrx_word' id='word_1_79' title='bbox 1181 1315 1246 1400; x_wconf 89' lang='grc'>93),</span> <span class='ocrx_word' id='word_1_80' title='bbox 1271 1320 1303 1382; x_wconf 90' lang='grc'>11</span> <span class='ocrx_word' id='word_1_81' title='bbox 1324 1315 1411 1381; x_wconf 91' lang='lat' dir='ltr'>idem</span> <span class='ocrx_word' id='word_1_82' title='bbox 1436 1333 1508 1383; x_wconf 88' lang='lat' dir='ltr'>esse</span> 
     </span>
     <span class='ocr_line' id='line_1_11' title="bbox 213 1413 1509 1506; baseline 0.002 -22"><span class='ocrx_word' id='word_1_83' title='bbox 213 1419 265 1505; x_wconf 83' lang='grc' dir='ltr'>τὴν</span> <span class='ocrx_word' id='word_1_84' title='bbox 287 1419 373 1505; x_wconf 84' lang='grc' dir='ltr'>χεῖρα</span> <span class='ocrx_word' id='word_1_85' title='bbox 395 1417 597 1506; x_wconf 79' lang='grc' dir='ltr'>προσφέροντα</span> <span class='ocrx_word' id='word_1_86' title='bbox 619 1413 667 1481; x_wconf 79' lang='grc' dir='ltr'>τὸν</span> <span class='ocrx_word' id='word_1_87' title='bbox 692 1414 761 1480; x_wconf 77' lang='grc' dir='ltr'>θεὸν</span> <span class='ocrx_word' id='word_1_88' title='bbox 783 1419 900 1498; x_wconf 79' lang='grc' dir='ltr'>καλεῖν,</span> <span class='ocrx_word' id='word_1_89' title='bbox 937 1418 1022 1501; x_wconf 90' lang='lat' dir='ltr'>quod</span> <span class='ocrx_word' id='word_1_90' title='bbox 1051 1420 1084 1484; x_wconf 92' lang='lat' dir='ltr'>in</span> <span class='ocrx_word' id='word_1_91' title='bbox 1115 1418 1255 1486; x_wconf 87' lang='lat' dir='ltr'>Zenobio</span> <span class='ocrx_word' id='word_1_92' title='bbox 1278 1419 1337 1486; x_wconf 90' lang='lat' dir='ltr'>sub</span> <span class='ocrx_word' id='word_1_93' title='bbox 1359 1421 1509 1487; x_wconf 84' lang='lat' dir='ltr'>lemmate</span> 
     </span>
     <span class='ocr_line' id='line_1_12' title="bbox 217 1521 1509 1610; baseline 0.002 -19"><span class='ocrx_word' id='word_1_94' title='bbox 217 1523 266 1592; x_wconf 81' lang='grc' dir='ltr'>σὺν</span> <span class='ocrx_word' id='word_1_95' title='bbox 289 1523 396 1610; x_wconf 75' lang='grc' dir='ltr'>Ἀθηνᾷ</span> <span class='ocrx_word' id='word_1_96' title='bbox 416 1521 466 1587; x_wconf 79' lang='grc' dir='ltr'>καὶ</span> <span class='ocrx_word' id='word_1_97' title='bbox 489 1524 576 1609; x_wconf 83' lang='grc' dir='ltr'>χεῖρα</span> <span class='ocrx_word' id='word_1_98' title='bbox 597 1522 671 1586; x_wconf 81' lang='grc' dir='ltr'>κίνει</span> <span class='ocrx_word' id='word_1_99' title='bbox 693 1528 781 1590; x_wconf 82' lang='lat' dir='ltr'>extat</span> <span class='ocrx_word' id='word_1_100' title='bbox 803 1529 893 1589; x_wconf 87' lang='lat' dir='ltr'>recte</span> <span class='ocrx_word' id='word_1_101' title='bbox 916 1525 1039 1590; x_wconf 88' lang='lat' dir='ltr'>monuit</span> <span class='ocrx_word' id='word_1_102' title='bbox 1063 1524 1194 1591; x_wconf 77' lang='lat' dir='ltr'>Clusius</span> <span class='ocrx_word' id='word_1_103' title='bbox 1216 1526 1236 1591; x_wconf 91' lang='lat' dir='ltr'>l.</span> <span class='ocrx_word' id='word_1_104' title='bbox 1261 1545 1288 1592; x_wconf 90' lang='lat' dir='ltr'>c.</span> <span class='ocrx_word' id='word_1_105' title='bbox 1310 1545 1341 1608; x_wconf 89' lang='lat' dir='ltr'>p.</span> <span class='ocrx_word' id='word_1_106' title='bbox 1359 1531 1410 1592; x_wconf 88' lang='grc'>58.</span> <span class='ocrx_word' id='word_1_107' title='bbox 1444 1526 1509 1593; x_wconf 84' lang='lat' dir='ltr'>Sed</span> 
     </span>
     <span class='ocr_line' id='line_1_13' title="bbox 216 1627 1507 1717; baseline 0.001 -19"><span class='ocrx_word' id='word_1_108' title='bbox 216 1652 253 1698; x_wconf 87' lang='lat' dir='ltr'>ex</span> <span class='ocrx_word' id='word_1_109' title='bbox 273 1629 558 1714; x_wconf 89' lang='lat' dir='ltr'>peroemiographo</span> <span class='ocrx_word' id='word_1_110' title='bbox 582 1629 689 1711; x_wconf 90' lang='lat' dir='ltr'>aliquo</span> <span class='ocrx_word' id='word_1_111' title='bbox 713 1627 764 1692; x_wconf 89' lang='lat' dir='ltr'>vix</span> <span class='ocrx_word' id='word_1_112' title='bbox 786 1629 979 1694; x_wconf 88' lang='lat' dir='ltr'>crediderim</span> <span class='ocrx_word' id='word_1_113' title='bbox 1001 1631 1243 1712; x_wconf 86' lang='lat' dir='ltr'>compilatorem</span> <span class='ocrx_word' id='word_1_114' title='bbox 1265 1631 1299 1697; x_wconf 88' lang='lat' dir='ltr'>id</span> <span class='ocrx_word' id='word_1_115' title='bbox 1321 1633 1507 1717; x_wconf 88' lang='lat' dir='ltr'>sumpsisse,</span> 
     </span>
     <span class='ocr_line' id='line_1_14' title="bbox 212 1733 1508 1820; baseline 0 -16"><span class='ocrx_word' id='word_1_116' title='bbox 212 1757 319 1804; x_wconf 89' lang='lat' dir='ltr'>verum</span> <span class='ocrx_word' id='word_1_117' title='bbox 344 1755 383 1802; x_wconf 92' lang='lat' dir='ltr'>ex</span> <span class='ocrx_word' id='word_1_118' title='bbox 405 1734 621 1815; x_wconf 88' lang='lat' dir='ltr'>descriptione</span> <span class='ocrx_word' id='word_1_119' title='bbox 643 1751 767 1799; x_wconf 90' lang='lat' dir='ltr'>morum</span> <span class='ocrx_word' id='word_1_120' title='bbox 788 1733 1020 1800; x_wconf 88' lang='lat' dir='ltr'>Laconicorum</span> <span class='ocrx_word' id='word_1_121' title='bbox 1042 1736 1169 1819; x_wconf 90' lang='lat' dir='ltr'>aliqua,</span> <span class='ocrx_word' id='word_1_122' title='bbox 1204 1736 1237 1800; x_wconf 93' lang='lat' dir='ltr'>in</span> <span class='ocrx_word' id='word_1_123' title='bbox 1268 1755 1330 1819; x_wconf 91' lang='lat' dir='ltr'>qua</span> <span class='ocrx_word' id='word_1_124' title='bbox 1360 1737 1393 1802; x_wconf 94' lang='lat' dir='ltr'>id</span> <span class='ocrx_word' id='word_1_125' title='bbox 1423 1738 1508 1820; x_wconf 93' lang='lat' dir='ltr'>quod</span> 
     </span>
     <span class='ocr_line' id='line_1_15' title="bbox 215 1838 1507 1926; baseline -0.001 -16"><span class='ocrx_word' id='word_1_126' title='bbox 215 1844 374 1926; x_wconf 90' lang='lat' dir='ltr'>plerisque</span> <span class='ocrx_word' id='word_1_127' title='bbox 396 1838 577 1908; x_wconf 87' lang='lat' dir='ltr'>hominibus</span> <span class='ocrx_word' id='word_1_128' title='bbox 600 1856 765 1904; x_wconf 91' lang='lat' dir='ltr'>commune</span> <span class='ocrx_word' id='word_1_129' title='bbox 796 1844 868 1904; x_wconf 92' lang='lat' dir='ltr'>erat</span> <span class='ocrx_word' id='word_1_130' title='bbox 897 1844 1063 1920; x_wconf 89' lang='lat' dir='ltr'>tamquam</span> <span class='ocrx_word' id='word_1_131' title='bbox 1085 1840 1411 1907; x_wconf 87' lang='lat' dir='ltr'>Lacedaemoniorum</span> <span class='ocrx_word' id='word_1_132' title='bbox 1433 1863 1507 1925; x_wconf 90' lang='lat' dir='ltr'>pro·</span> 
     </span>
     <span class='ocr_line' id='line_1_16' title="bbox 217 1943 1509 2032; baseline 0.002 -18"><span class='ocrx_word' id='word_1_133' title='bbox 217 1949 318 2032; x_wconf 90' lang='lat' dir='ltr'>prium</span> <span class='ocrx_word' id='word_1_134' title='bbox 348 1945 555 2014; x_wconf 88' lang='lat' dir='ltr'>vendebatur.</span> <span class='ocrx_word' id='word_1_135' title='bbox 624 1943 662 2008; x_wconf 92' lang='lat' dir='ltr'>Id</span> <span class='ocrx_word' id='word_1_136' title='bbox 694 1943 794 2028; x_wconf 85' lang='lat' dir='ltr'>igitur</span> <span class='ocrx_word' id='word_1_137' title='bbox 825 1945 884 2009; x_wconf 94' lang='lat' dir='ltr'>hoc</span> <span class='ocrx_word' id='word_1_138' title='bbox 913 1945 1019 2025; x_wconf 88' lang='lat' dir='ltr'>capite</span> <span class='ocrx_word' id='word_1_139' title='bbox 1043 1944 1210 2028; x_wconf 89' lang='lat' dir='ltr'>discimus,</span> <span class='ocrx_word' id='word_1_140' title='bbox 1245 1947 1509 2017; x_wconf 87' lang='lat' dir='ltr'>Lacedaemoniis</span> 
     </span>
     <span class='ocr_line' id='line_1_17' title="bbox 219 2046 880 2136; baseline -0.008 -16"><span class='ocrx_word' id='word_1_141' title='bbox 219 2071 343 2136; x_wconf 90' lang='lat' dir='ltr'>quoque</span> <span class='ocrx_word' id='word_1_142' title='bbox 363 2053 395 2117; x_wconf 93' lang='lat' dir='ltr'>in</span> <span class='ocrx_word' id='word_1_143' title='bbox 416 2069 471 2116; x_wconf 89' lang='lat' dir='ltr'>ore</span> <span class='ocrx_word' id='word_1_144' title='bbox 494 2049 594 2115; x_wconf 89' lang='lat' dir='ltr'>fuisse</span> <span class='ocrx_word' id='word_1_145' title='bbox 617 2046 697 2113; x_wconf 94' lang='lat' dir='ltr'>illud</span> <span class='ocrx_word' id='word_1_146' title='bbox 720 2048 880 2132; x_wconf 87' lang='lat' dir='ltr'>adagium.</span> 
     </span>
    </p>

    <p class='ocr_par' dir='ltr' id='par_1_5' title="bbox 203 2153 1510 3825">
     <span class='ocr_line' id='line_1_18' title="bbox 305 2153 1506 2240; baseline 0.004 -18"><span class='ocrx_word' id='word_1_147' title='bbox 305 2159 392 2236; x_wconf 77' lang='lat' dir='ltr'>Quae</span> <span class='ocrx_word' id='word_1_148' title='bbox 413 2158 450 2222; x_wconf 89' lang='lat' dir='ltr'>de</span> <span class='ocrx_word' id='word_1_149' title='bbox 472 2153 665 2221; x_wconf 82' lang='lat' dir='ltr'>Archilocho</span> <span class='ocrx_word' id='word_1_150' title='bbox 686 2153 793 2234; x_wconf 88' lang='lat' dir='ltr'>capite</span> <span class='ocrx_word' id='word_1_151' title='bbox 818 2159 858 2219; x_wconf 90' lang='lat'>33</span> <span class='ocrx_word' id='word_1_152' title='bbox 881 2160 1070 2238; x_wconf 89' lang='lat' dir='ltr'>narrantur,</span> <span class='ocrx_word' id='word_1_153' title='bbox 1105 2156 1201 2238; x_wconf 89' lang='lat' dir='ltr'>plane</span> <span class='ocrx_word' id='word_1_154' title='bbox 1224 2156 1401 2240; x_wconf 88' lang='lat' dir='ltr'>singularia</span> <span class='ocrx_word' id='word_1_155' title='bbox 1422 2166 1506 2226; x_wconf 93' lang='lat' dir='ltr'>sunt.</span> 
     </span>
     <span class='ocr_line' id='line_1_19' title="bbox 226 2258 1508 2346; baseline 0.002 -17"><span class='ocrx_word' id='word_1_156' title='bbox 226 2263 343 2330; x_wconf 86' lang='lat' dir='ltr'>Versus</span> <span class='ocrx_word' id='word_1_157' title='bbox 365 2262 485 2344; x_wconf 92' lang='lat' dir='ltr'>quidem</span> <span class='ocrx_word' id='word_1_158' title='bbox 508 2260 563 2326; x_wconf 89' lang='lat' dir='ltr'>alii</span> <span class='ocrx_word' id='word_1_159' title='bbox 586 2276 712 2341; x_wconf 88' lang='lat' dir='ltr'>qnoque</span> <span class='ocrx_word' id='word_1_160' title='bbox 734 2258 909 2339; x_wconf 87' lang='lat' dir='ltr'>scriptores</span> <span class='ocrx_word' id='word_1_161' title='bbox 937 2277 1123 2340; x_wconf 88' lang='lat' dir='ltr'>servavere,</span> <span class='ocrx_word' id='word_1_162' title='bbox 1158 2263 1245 2327; x_wconf 89' lang='grc'>11111</span> <span class='ocrx_word' id='word_1_163' title='bbox 1275 2262 1354 2329; x_wconf 87' lang='lat' dir='ltr'>duos</span> <span class='ocrx_word' id='word_1_164' title='bbox 1382 2265 1508 2346; x_wconf 86' lang='lat' dir='ltr'>priores</span> 
     </span>
     <span class='ocr_line' id='line_1_20' title="bbox 224 2362 1507 2452; baseline 0.002 -18"><span class='ocrx_word' id='word_1_165' title='bbox 224 2367 335 2434; x_wconf 86' lang='lat' dir='ltr'>Strabo</span> <span class='ocrx_word' id='word_1_166' title='bbox 356 2368 396 2451; x_wconf 84' lang='lat' dir='ltr'>(X</span> <span class='ocrx_word' id='word_1_167' title='bbox 417 2387 447 2449; x_wconf 88' lang='lat' dir='ltr'>p.</span> <span class='ocrx_word' id='word_1_168' title='bbox 472 2371 535 2432; x_wconf 81' lang='lat'>457</span> <span class='ocrx_word' id='word_1_169' title='bbox 559 2365 622 2430; x_wconf 90' lang='lat' dir='ltr'>Xll</span> <span class='ocrx_word' id='word_1_170' title='bbox 644 2383 674 2446; x_wconf 94' lang='lat' dir='ltr'>p.</span> <span class='ocrx_word' id='word_1_171' title='bbox 700 2362 787 2445; x_wconf 82' lang='lat'>549),</span> <span class='ocrx_word' id='word_1_172' title='bbox 812 2369 925 2430; x_wconf 91' lang='lat' dir='ltr'>auctor</span> <span class='ocrx_word' id='word_1_173' title='bbox 947 2364 1033 2430; x_wconf 87' lang='lat' dir='ltr'>vitae</span> <span class='ocrx_word' id='word_1_174' title='bbox 1056 2365 1150 2431; x_wconf 89' lang='lat' dir='ltr'>Arati</span> <span class='ocrx_word' id='word_1_175' title='bbox 1172 2367 1308 2450; x_wconf 85' lang='lat' dir='ltr'>(primae</span> <span class='ocrx_word' id='word_1_176' title='bbox 1331 2369 1416 2452; x_wconf 90' lang='lat' dir='ltr'>apud</span> <span class='ocrx_word' id='word_1_177' title='bbox 1433 2371 1507 2437; x_wconf 89' lang='lat' dir='ltr'>We·</span> 
     </span>
     <span class='ocr_line' id='line_1_21' title="bbox 217 2468 1507 2556; baseline 0.001 -16"><span class='ocrx_word' id='word_1_178' title='bbox 217 2479 428 2540; x_wconf 88' lang='lat' dir='ltr'>stermannum</span> <span class='ocrx_word' id='word_1_179' title='bbox 449 2491 481 2554; x_wconf 93' lang='lat' dir='ltr'>p.</span> <span class='ocrx_word' id='word_1_180' title='bbox 506 2469 560 2556; x_wconf 84' lang='grc'>52)</span> <span class='ocrx_word' id='word_1_181' title='bbox 584 2469 817 2550; x_wconf 84' lang='lat' dir='ltr'>Aristophanes</span> <span class='ocrx_word' id='word_1_182' title='bbox 841 2469 887 2552; x_wconf 89' lang='lat' dir='ltr'>(in</span> <span class='ocrx_word' id='word_1_183' title='bbox 909 2488 990 2551; x_wconf 89' lang='lat' dir='ltr'>pace</span> <span class='ocrx_word' id='word_1_184' title='bbox 1015 2468 1122 2555; x_wconf 82' lang='lat'>1295),</span> <span class='ocrx_word' id='word_1_185' title='bbox 1142 2472 1275 2538; x_wconf 88' lang='lat' dir='ltr'>tertium</span> <span class='ocrx_word' id='word_1_186' title='bbox 1299 2472 1414 2541; x_wconf 85' lang='lat' dir='ltr'>Sextus</span> <span class='ocrx_word' id='word_1_187' title='bbox 1430 2476 1507 2541; x_wconf 85' lang='lat' dir='ltr'>Em·</span> 
     </span>
     <span class='ocr_line' id='line_1_22' title="bbox 212 2573 1509 2663; baseline 0.002 -19"><span class='ocrx_word' id='word_1_188' title='bbox 212 2579 329 2660; x_wconf 89' lang='lat' dir='ltr'>piricus</span> <span class='ocrx_word' id='word_1_189' title='bbox 352 2579 476 2663; x_wconf 89' lang='lat' dir='ltr'>(Pyrrh.</span> <span class='ocrx_word' id='word_1_190' title='bbox 501 2578 574 2659; x_wconf 91' lang='lat' dir='ltr'>hyp.</span> <span class='ocrx_word' id='word_1_191' title='bbox 597 2575 646 2640; x_wconf 95' lang='lat' dir='ltr'>IlI</span> <span class='ocrx_word' id='word_1_192' title='bbox 673 2593 704 2656; x_wconf 91' lang='lat' dir='ltr'>p.</span> <span class='ocrx_word' id='word_1_193' title='bbox 732 2573 816 2659; x_wconf 84' lang='grc'>182).</span> <span class='ocrx_word' id='word_1_194' title='bbox 872 2573 1012 2652; x_wconf 83' lang='lat' dir='ltr'>Quartus</span> <span class='ocrx_word' id='word_1_195' title='bbox 1044 2576 1104 2642; x_wconf 91' lang='lat' dir='ltr'>hoc</span> <span class='ocrx_word' id='word_1_196' title='bbox 1135 2595 1197 2644; x_wconf 92' lang='lat' dir='ltr'>uno</span> <span class='ocrx_word' id='word_1_197' title='bbox 1219 2579 1289 2644; x_wconf 93' lang='lat' dir='ltr'>loco</span> <span class='ocrx_word' id='word_1_198' title='bbox 1312 2585 1410 2646; x_wconf 89' lang='lat' dir='ltr'>extat.</span> <span class='ocrx_word' id='word_1_199' title='bbox 1465 2582 1509 2648; x_wconf 85' lang='lat' dir='ltr'>At</span> 
     </span>
     <span class='ocr_line' id='line_1_23' title="bbox 213 2677 1508 2765; baseline 0.001 -14"><span class='ocrx_word' id='word_1_200' title='bbox 213 2683 358 2751; x_wconf 85' lang='lat' dir='ltr'>Valerius</span> <span class='ocrx_word' id='word_1_201' title='bbox 380 2684 540 2749; x_wconf 90' lang='lat' dir='ltr'>Maximus</span> <span class='ocrx_word' id='word_1_202' title='bbox 564 2681 622 2765; x_wconf 92' lang='lat' dir='ltr'>(Vl</span> <span class='ocrx_word' id='word_1_203' title='bbox 645 2685 663 2745; x_wconf 87' lang='grc'><strong>3</strong></span> <span class='ocrx_word' id='word_1_204' title='bbox 688 2685 750 2746; x_wconf 90' lang='lat' dir='ltr'>ext.</span> <span class='ocrx_word' id='word_1_205' title='bbox 778 2680 809 2763; x_wconf 94' lang='grc'>1)</span> <span class='ocrx_word' id='word_1_206' title='bbox 841 2677 944 2745; x_wconf 87' lang='lat' dir='ltr'>refert</span> <span class='ocrx_word' id='word_1_207' title='bbox 965 2680 1239 2749; x_wconf 87' lang='lat' dir='ltr'>Lacedaemonios</span> <span class='ocrx_word' id='word_1_208' title='bbox 1272 2682 1371 2751; x_wconf 92' lang='lat' dir='ltr'>libros</span> <span class='ocrx_word' id='word_1_209' title='bbox 1394 2686 1508 2752; x_wconf 91' lang='lat' dir='ltr'>Archi·</span> 
     </span>
     <span class='ocr_line' id='line_1_24' title="bbox 215 2785 1508 2871; baseline 0.003 -17"><span class='ocrx_word' id='word_1_210' title='bbox 215 2791 292 2856; x_wconf 92' lang='lat' dir='ltr'>lochi</span> <span class='ocrx_word' id='word_1_211' title='bbox 317 2809 356 2856; x_wconf 91' lang='lat' dir='ltr'>ex</span> <span class='ocrx_word' id='word_1_212' title='bbox 378 2790 511 2855; x_wconf 88' lang='lat' dir='ltr'>civitate</span> <span class='ocrx_word' id='word_1_213' title='bbox 534 2805 592 2853; x_wconf 91' lang='lat' dir='ltr'>sua</span> <span class='ocrx_word' id='word_1_214' title='bbox 616 2785 780 2868; x_wconf 86' lang='lat' dir='ltr'>exportari</span> <span class='ocrx_word' id='word_1_215' title='bbox 801 2785 951 2868; x_wconf 87' lang='lat' dir='ltr'>iussisse,</span> <span class='ocrx_word' id='word_1_216' title='bbox 983 2786 1066 2867; x_wconf 92' lang='lat' dir='ltr'>quod</span> <span class='ocrx_word' id='word_1_217' title='bbox 1091 2806 1199 2854; x_wconf 87' lang='lat' dir='ltr'>eorum</span> <span class='ocrx_word' id='word_1_218' title='bbox 1221 2809 1333 2871; x_wconf 91' lang='lat' dir='ltr'>parum</span> <span class='ocrx_word' id='word_1_219' title='bbox 1356 2810 1508 2858; x_wconf 88' lang='lat' dir='ltr'>verecun-</span> 
     </span>
     <span class='ocr_line' id='line_1_25' title="bbox 216 2889 1508 2980; baseline 0.002 -18"><span class='ocrx_word' id='word_1_220' title='bbox 216 2896 283 2962; x_wconf 89' lang='lat' dir='ltr'>dam</span> <span class='ocrx_word' id='word_1_221' title='bbox 306 2915 344 2961; x_wconf 87' lang='lat' dir='ltr'>ac</span> <span class='ocrx_word' id='word_1_222' title='bbox 368 2895 519 2978; x_wconf 91' lang='lat' dir='ltr'>pudicam</span> <span class='ocrx_word' id='word_1_223' title='bbox 542 2892 712 2958; x_wconf 91' lang='lat' dir='ltr'>lectionem</span> <span class='ocrx_word' id='word_1_224' title='bbox 735 2889 887 2956; x_wconf 89' lang='lat' dir='ltr'>arbitrati</span> <span class='ocrx_word' id='word_1_225' title='bbox 909 2898 1028 2972; x_wconf 88' lang='lat' dir='ltr'>essent,</span> <span class='ocrx_word' id='word_1_226' title='bbox 1052 2912 1134 2974; x_wconf 88' lang='lat' dir='ltr'>quae</span> <span class='ocrx_word' id='word_1_227' title='bbox 1156 2892 1265 2961; x_wconf 81' lang='lat' dir='ltr'>tabula</span> <span class='ocrx_word' id='word_1_228' title='bbox 1289 2915 1328 2961; x_wconf 87' lang='lat' dir='ltr'>ex</span> <span class='ocrx_word' id='word_1_229' title='bbox 1342 2897 1398 2962; x_wconf 91' lang='lat' dir='ltr'>illa</span> <span class='ocrx_word' id='word_1_230' title='bbox 1413 2917 1508 2980; x_wconf 87' lang='lat' dir='ltr'>quam</span> 
     </span>
     <span class='ocr_line' id='line_1_26' title="bbox 214 2996 1510 3079; baseline 0.002 -11"><span class='ocrx_word' id='word_1_231' title='bbox 214 3009 322 3068; x_wconf 88' lang='lat' dir='ltr'>auctor</span> <span class='ocrx_word' id='word_1_232' title='bbox 336 2999 576 3067; x_wconf 86' lang='lat' dir='ltr'>‘institutorum&#39;</span> <span class='ocrx_word' id='word_1_233' title='bbox 592 2996 731 3079; x_wconf 86' lang='lat' dir='ltr'>exhibet,</span> <span class='ocrx_word' id='word_1_234' title='bbox 755 2997 1024 3077; x_wconf 88' lang='lat' dir='ltr'>interpretatione</span> <span class='ocrx_word' id='word_1_235' title='bbox 1041 2996 1148 3064; x_wconf 86' lang='lat' dir='ltr'>efficta</span> <span class='ocrx_word' id='word_1_236' title='bbox 1162 3017 1234 3065; x_wconf 87' lang='lat' dir='ltr'>esse</span> <span class='ocrx_word' id='word_1_237' title='bbox 1247 3001 1383 3068; x_wconf 89' lang='lat' dir='ltr'>videtur.</span> <span class='ocrx_word' id='word_1_238' title='bbox 1414 3003 1510 3070; x_wconf 89' lang='lat' dir='ltr'>Nullo</span> 
     </span>
     <span class='ocr_line' id='line_1_27' title="bbox 214 3100 1510 3193; baseline 0.002 -19"><span class='ocrx_word' id='word_1_239' title='bbox 214 3109 334 3176; x_wconf 87' lang='lat' dir='ltr'>scilicet</span> <span class='ocrx_word' id='word_1_240' title='bbox 358 3111 549 3193; x_wconf 83' lang='lat' dir='ltr'>argumento</span> <span class='ocrx_word' id='word_1_241' title='bbox 571 3103 677 3186; x_wconf 89' lang='lat' dir='ltr'>potuit</span> <span class='ocrx_word' id='word_1_242' title='bbox 705 3100 836 3186; x_wconf 86' lang='lat' dir='ltr'>probari</span> <span class='ocrx_word' id='word_1_243' title='bbox 859 3102 1085 3168; x_wconf 85' lang='lat' dir='ltr'>Archilochum</span> <span class='ocrx_word' id='word_1_244' title='bbox 1107 3105 1212 3186; x_wconf 90' lang='lat' dir='ltr'>ipsum</span> <span class='ocrx_word' id='word_1_245' title='bbox 1234 3107 1510 3176; x_wconf 87' lang='lat' dir='ltr'>Lacedaemonem</span> 
     </span>
     <span class='ocr_line' id='line_1_28' title="bbox 211 3207 1507 3296; baseline -0.002 -14"><span class='ocrx_word' id='word_1_246' title='bbox 211 3216 345 3282; x_wconf 84' lang='lat' dir='ltr'>venisse.</span> <span class='ocrx_word' id='word_1_247' title='bbox 404 3212 505 3291; x_wconf 82' lang='lat' dir='ltr'>Quam</span> <span class='ocrx_word' id='word_1_248' title='bbox 538 3208 647 3276; x_wconf 89' lang='lat' dir='ltr'>obrem</span> <span class='ocrx_word' id='word_1_249' title='bbox 677 3227 716 3274; x_wconf 92' lang='lat' dir='ltr'>ne</span> <span class='ocrx_word' id='word_1_250' title='bbox 747 3227 805 3274; x_wconf 90' lang='lat' dir='ltr'>nos</span> <span class='ocrx_word' id='word_1_251' title='bbox 829 3207 958 3290; x_wconf 88' lang='lat' dir='ltr'>quidem</span> <span class='ocrx_word' id='word_1_252' title='bbox 978 3207 1076 3274; x_wconf 90' lang='lat' dir='ltr'>fidem</span> <span class='ocrx_word' id='word_1_253' title='bbox 1095 3208 1204 3277; x_wconf 90' lang='lat' dir='ltr'>facere</span> <span class='ocrx_word' id='word_1_254' title='bbox 1226 3211 1356 3279; x_wconf 89' lang='lat' dir='ltr'>fabulae</span> <span class='ocrx_word' id='word_1_255' title='bbox 1377 3214 1425 3280; x_wconf 93' lang='lat' dir='ltr'>illi</span> <span class='ocrx_word' id='word_1_256' title='bbox 1447 3234 1507 3296; x_wconf 90' lang='lat' dir='ltr'>par</span> 
     </span>
     <span class='ocr_line' id='line_1_29' title="bbox 207 3313 1508 3400; baseline -0.001 -13"><span class='ocrx_word' id='word_1_257' title='bbox 207 3327 265 3388; x_wconf 89' lang='lat' dir='ltr'>est.</span> <span class='ocrx_word' id='word_1_258' title='bbox 330 3319 423 3400; x_wconf 86' lang='lat' dir='ltr'>Sapit</span> <span class='ocrx_word' id='word_1_259' title='bbox 452 3318 536 3383; x_wconf 91' lang='lat' dir='ltr'>enim</span> <span class='ocrx_word' id='word_1_260' title='bbox 567 3316 648 3382; x_wconf 88' lang='lat' dir='ltr'>satis</span> <span class='ocrx_word' id='word_1_261' title='bbox 672 3313 957 3397; x_wconf 83' lang='lat' dir='ltr'>Chamaeleontes,</span> <span class='ocrx_word' id='word_1_262' title='bbox 993 3314 1047 3396; x_wconf 93' lang='lat' dir='ltr'>qui</span> <span class='ocrx_word' id='word_1_263' title='bbox 1077 3315 1232 3382; x_wconf 88' lang='lat' dir='ltr'>eiusmodi</span> <span class='ocrx_word' id='word_1_264' title='bbox 1260 3319 1508 3386; x_wconf 85' lang='lat' dir='ltr'>historiunculas</span> 
     </span>
     <span class='ocr_line' id='line_1_30' title="bbox 206 3418 1509 3510; baseline 0 -18"><span class='ocrx_word' id='word_1_265' title='bbox 206 3425 323 3508; x_wconf 91' lang='lat' dir='ltr'>quibus</span> <span class='ocrx_word' id='word_1_266' title='bbox 347 3425 494 3510; x_wconf 89' lang='lat' dir='ltr'>legentes</span> <span class='ocrx_word' id='word_1_267' title='bbox 517 3440 590 3488; x_wconf 90' lang='lat' dir='ltr'>sese</span> <span class='ocrx_word' id='word_1_268' title='bbox 613 3437 807 3501; x_wconf 79' lang='lat' dir='ltr'>magnopere</span> <span class='ocrx_word' id='word_1_269' title='bbox 824 3418 1025 3484; x_wconf 89' lang='lat' dir='ltr'>delectarent</span> <span class='ocrx_word' id='word_1_270' title='bbox 1040 3419 1172 3486; x_wconf 88' lang='lat' dir='ltr'>idoneas</span> <span class='ocrx_word' id='word_1_271' title='bbox 1187 3420 1361 3508; x_wconf 87' lang='lat' dir='ltr'>fingebant.</span> <span class='ocrx_word' id='word_1_272' title='bbox 1406 3425 1509 3504; x_wconf 83' lang='lat' dir='ltr'>Quam</span> 
     </span>
     <span class='ocr_line' id='line_1_31' title="bbox 203 3524 1507 3615; baseline -0.001 -17"><span class='ocrx_word' id='word_1_273' title='bbox 203 3532 348 3615; x_wconf 92' lang='lat' dir='ltr'>lepidum</span> <span class='ocrx_word' id='word_1_274' title='bbox 382 3529 443 3595; x_wconf 89' lang='lat' dir='ltr'>fuit</span> <span class='ocrx_word' id='word_1_275' title='bbox 473 3531 604 3610; x_wconf 88' lang='lat' dir='ltr'>poetam</span> <span class='ocrx_word' id='word_1_276' title='bbox 635 3526 688 3607; x_wconf 93' lang='lat' dir='ltr'>qui</span> <span class='ocrx_word' id='word_1_277' title='bbox 712 3524 751 3590; x_wconf 95' lang='lat' dir='ltr'>de</span> <span class='ocrx_word' id='word_1_278' title='bbox 775 3529 866 3589; x_wconf 89' lang='lat' dir='ltr'>scuto</span> <span class='ocrx_word' id='word_1_279' title='bbox 889 3524 922 3587; x_wconf 94' lang='grc'>11</span> <span class='ocrx_word' id='word_1_280' title='bbox 945 3524 1020 3605; x_wconf 87' lang='lat' dir='ltr'>fuga</span> <span class='ocrx_word' id='word_1_281' title='bbox 1044 3526 1162 3592; x_wconf 90' lang='lat' dir='ltr'>amisso</span> <span class='ocrx_word' id='word_1_282' title='bbox 1190 3545 1303 3594; x_wconf 86' lang='lat' dir='ltr'>versus</span> <span class='ocrx_word' id='word_1_283' title='bbox 1334 3531 1507 3615; x_wconf 79' lang='lat' dir='ltr'>pepigerat</span> 
     </span>
     <span class='ocr_line' id='line_1_32' title="bbox 204 3625 1506 3712; baseline 0.001 -10"><span class='ocrx_word' id='word_1_284' title='bbox 204 3637 245 3703; x_wconf 91' lang='lat' dir='ltr'>ad</span> <span class='ocrx_word' id='word_1_285' title='bbox 267 3634 543 3702; x_wconf 89' lang='lat' dir='ltr'>Lacedaemonios</span> <span class='ocrx_word' id='word_1_286' title='bbox 565 3630 633 3702; x_wconf 80' lang='grc' dir='ltr'>τοὺς</span> <span class='ocrx_word' id='word_1_287' title='bbox 654 3625 912 3712; x_wconf 78' lang='grc' dir='ltr'>πολεμικωτάτους</span> <span class='ocrx_word' id='word_1_288' title='bbox 936 3625 1044 3712; x_wconf 79' lang='grc' dir='ltr'>ἄνδρας</span> <span class='ocrx_word' id='word_1_289' title='bbox 1067 3631 1248 3697; x_wconf 90' lang='lat' dir='ltr'>venientem</span> <span class='ocrx_word' id='word_1_290' title='bbox 1270 3632 1394 3702; x_wconf 87' lang='lat' dir='ltr'>facere!</span> <span class='ocrx_word' id='word_1_291' title='bbox 1440 3636 1506 3703; x_wconf 89' lang='lat' dir='ltr'>Ita-</span> 
     </span>
     <span class='ocr_line' id='line_1_33' title="bbox 204 3733 1506 3825; baseline 0.002 -17"><span class='ocrx_word' id='word_1_292' title='bbox 204 3761 265 3825; x_wconf 90' lang='lat' dir='ltr'>que</span> <span class='ocrx_word' id='word_1_293' title='bbox 288 3743 351 3807; x_wconf 92' lang='lat' dir='ltr'>hoc</span> <span class='ocrx_word' id='word_1_294' title='bbox 374 3745 470 3822; x_wconf 89' lang='lat' dir='ltr'>caput</span> <span class='ocrx_word' id='word_1_295' title='bbox 492 3757 554 3804; x_wconf 93' lang='lat' dir='ltr'>non</span> <span class='ocrx_word' id='word_1_296' title='bbox 575 3737 639 3802; x_wconf 89' lang='lat' dir='ltr'>nisi</span> <span class='ocrx_word' id='word_1_297' title='bbox 660 3740 792 3819; x_wconf 91' lang='lat' dir='ltr'>propter</span> <span class='ocrx_word' id='word_1_298' title='bbox 812 3738 960 3815; x_wconf 91' lang='lat' dir='ltr'>quartum</span> <span class='ocrx_word' id='word_1_299' title='bbox 973 3733 1155 3800; x_wconf 88' lang='lat' dir='ltr'>Archilochi</span> <span class='ocrx_word' id='word_1_300' title='bbox 1170 3756 1299 3804; x_wconf 90' lang='lat' dir='ltr'>versum</span> <span class='ocrx_word' id='word_1_301' title='bbox 1313 3738 1506 3811; x_wconf 89' lang='lat' dir='ltr'>curabimus.</span> 
     </span>
    </p>

    <p class='ocr_par' dir='ltr' id='par_1_6' title="bbox 203 3839 1507 4774">
     <span class='ocr_line' id='line_1_34' title="bbox 293 3839 1507 3929; baseline 0.001 -17"><span class='ocrx_word' id='word_1_302' title='bbox 293 3847 395 3913; x_wconf 87' lang='lat' dir='ltr'>Sacra</span> <span class='ocrx_word' id='word_1_303' title='bbox 417 3844 527 3928; x_wconf 90' lang='lat' dir='ltr'>pueris</span> <span class='ocrx_word' id='word_1_304' title='bbox 548 3842 725 3925; x_wconf 89' lang='lat' dir='ltr'>puellisque</span> <span class='ocrx_word' id='word_1_305' title='bbox 749 3839 927 3905; x_wconf 89' lang='lat' dir='ltr'>communia</span> <span class='ocrx_word' id='word_1_306' title='bbox 950 3839 1088 3920; x_wconf 84' lang='lat' dir='ltr'>Spartae</span> <span class='ocrx_word' id='word_1_307' title='bbox 1119 3839 1219 3909; x_wconf 84' lang='lat' dir='ltr'>fuisse</span> <span class='ocrx_word' id='word_1_308' title='bbox 1243 3844 1327 3926; x_wconf 93' lang='lat' dir='ltr'>quod</span> <span class='ocrx_word' id='word_1_309' title='bbox 1349 3865 1507 3929; x_wconf 91' lang='lat' dir='ltr'>nusquam</span> 
     </span>
     <span class='ocr_line' id='line_1_35' title="bbox 206 3943 1505 4036; baseline -0.001 -17"><span class='ocrx_word' id='word_1_310' title='bbox 206 3959 341 4036; x_wconf 87' lang='lat' dir='ltr'>praeter</span> <span class='ocrx_word' id='word_1_311' title='bbox 364 3971 433 4034; x_wconf 90' lang='lat' dir='ltr'>cap.</span> <span class='ocrx_word' id='word_1_312' title='bbox 458 3956 499 4016; x_wconf 86' lang='grc'>34</span> <span class='ocrx_word' id='word_1_313' title='bbox 522 3949 680 4029; x_wconf 88' lang='lat' dir='ltr'>traditur,</span> <span class='ocrx_word' id='word_1_314' title='bbox 712 3947 764 4011; x_wconf 90' lang='lat' dir='ltr'>vix</span> <span class='ocrx_word' id='word_1_315' title='bbox 787 3945 827 4011; x_wconf 93' lang='lat' dir='ltr'>de</span> <span class='ocrx_word' id='word_1_316' title='bbox 851 3943 996 4010; x_wconf 91' lang='lat' dir='ltr'>omnibus</span> <span class='ocrx_word' id='word_1_317' title='bbox 1019 3946 1121 4011; x_wconf 89' lang='lat' dir='ltr'>sacris</span> <span class='ocrx_word' id='word_1_318' title='bbox 1144 3947 1271 4015; x_wconf 90' lang='lat' dir='ltr'>videtur</span> <span class='ocrx_word' id='word_1_319' title='bbox 1293 3967 1387 4032; x_wconf 89' lang='lat' dir='ltr'>posse</span> <span class='ocrx_word' id='word_1_320' title='bbox 1410 3952 1505 4019; x_wconf 90' lang='lat' dir='ltr'>intel-</span> 
     </span>
     <span class='ocr_line' id='line_1_36' title="bbox 203 4050 1504 4144; baseline 0.002 -22"><span class='ocrx_word' id='word_1_321' title='bbox 203 4059 280 4144; x_wconf 82' lang='lat' dir='ltr'>legi.</span> <span class='ocrx_word' id='word_1_322' title='bbox 327 4055 468 4122; x_wconf 91' lang='lat' dir='ltr'>Publicis</span> <span class='ocrx_word' id='word_1_323' title='bbox 490 4073 567 4120; x_wconf 83' lang='lat' dir='ltr'>vero</span> <span class='ocrx_word' id='word_1_324' title='bbox 591 4053 693 4119; x_wconf 89' lang='lat' dir='ltr'>sacris</span> <span class='ocrx_word' id='word_1_325' title='bbox 716 4051 830 4116; x_wconf 87' lang='lat' dir='ltr'>eodem</span> <span class='ocrx_word' id='word_1_326' title='bbox 852 4051 923 4114; x_wconf 88' lang='lat' dir='ltr'>iure</span> <span class='ocrx_word' id='word_1_327' title='bbox 946 4050 1069 4131; x_wconf 85' lang='lat' dir='ltr'>puellas</span> <span class='ocrx_word' id='word_1_328' title='bbox 1093 4071 1155 4134; x_wconf 93' lang='lat' dir='ltr'>quo</span> <span class='ocrx_word' id='word_1_329' title='bbox 1177 4071 1294 4136; x_wconf 90' lang='lat' dir='ltr'>pueros</span> <span class='ocrx_word' id='word_1_330' title='bbox 1316 4054 1504 4124; x_wconf 86' lang='lat' dir='ltr'>interfuisse</span> 
     </span>
     <span class='ocr_line' id='line_1_37' title="bbox 204 4153 1506 4245; baseline -0.002 -15"><span class='ocrx_word' id='word_1_331' title='bbox 204 4165 274 4230; x_wconf 83' lang='lat' dir='ltr'>veri</span> <span class='ocrx_word' id='word_1_332' title='bbox 298 4162 403 4229; x_wconf 91' lang='lat' dir='ltr'>simile</span> <span class='ocrx_word' id='word_1_333' title='bbox 427 4167 487 4243; x_wconf 89' lang='lat' dir='ltr'>est,</span> <span class='ocrx_word' id='word_1_334' title='bbox 509 4166 546 4227; x_wconf 91' lang='lat' dir='ltr'>ut</span> <span class='ocrx_word' id='word_1_335' title='bbox 569 4157 811 4240; x_wconf 92' lang='lat' dir='ltr'>compilatorem</span> <span class='ocrx_word' id='word_1_336' title='bbox 835 4153 974 4221; x_wconf 79' lang='grc'>11111111</span> <span class='ocrx_word' id='word_1_337' title='bbox 996 4155 1205 4224; x_wconf 89' lang='lat' dir='ltr'>Plutarchum</span> <span class='ocrx_word' id='word_1_338' title='bbox 1226 4161 1426 4243; x_wconf 83' lang='lat' dir='ltr'>excerpsisse</span> <span class='ocrx_word' id='word_1_339' title='bbox 1448 4183 1506 4245; x_wconf 93' lang='lat' dir='ltr'>pu·</span> 
     </span>
     <span class='ocr_line' id='line_1_38' title="bbox 205 4260 1506 4351; baseline -0.001 -18"><span class='ocrx_word' id='word_1_340' title='bbox 205 4268 330 4335; x_wconf 83' lang='lat' dir='ltr'>teneris</span> <span class='ocrx_word' id='word_1_341' title='bbox 352 4267 458 4350; x_wconf 89' lang='lat' dir='ltr'>capite</span> <span class='ocrx_word' id='word_1_342' title='bbox 480 4266 567 4332; x_wconf 87' lang='lat' dir='ltr'>vitae</span> <span class='ocrx_word' id='word_1_343' title='bbox 590 4262 730 4348; x_wconf 87' lang='lat' dir='ltr'>Lycurgi</span> <span class='ocrx_word' id='word_1_344' title='bbox 755 4267 794 4326; x_wconf 85' lang='lat'>14</span> <span class='ocrx_word' id='word_1_345' title='bbox 816 4261 897 4326; x_wconf 89' lang='lat' dir='ltr'>haec</span> <span class='ocrx_word' id='word_1_346' title='bbox 926 4260 1137 4328; x_wconf 81' lang='lat' dir='ltr'>referentem:</span> <span class='ocrx_word' id='word_1_347' title='bbox 1167 4261 1251 4328; x_wconf 82' lang='grc' dir='ltr'>οὐδὲν</span> <span class='ocrx_word' id='word_1_348' title='bbox 1273 4266 1359 4350; x_wconf 77' lang='grc' dir='ltr'>ἧττον</span> <span class='ocrx_word' id='word_1_349' title='bbox 1383 4268 1413 4351; x_wconf 83' lang='grc' dir='ltr'>(ὁ</span> <span class='ocrx_word' id='word_1_350' title='bbox 1438 4266 1506 4333; x_wconf 85' lang='grc' dir='ltr'>Λο-</span> 
     </span>
     <span class='ocr_line' id='line_1_39' title="bbox 205 4364 1504 4460; baseline 0.003 -26"><span class='ocrx_word' id='word_1_351' title='bbox 205 4371 349 4459; x_wconf 73' lang='grc' dir='ltr'>κοῦργος)</span> <span class='ocrx_word' id='word_1_352' title='bbox 371 4369 465 4436; x_wconf 82' lang='grc' dir='ltr'>εἴθισε</span> <span class='ocrx_word' id='word_1_353' title='bbox 486 4383 542 4437; x_wconf 84' lang='grc' dir='ltr'>τῶν</span> <span class='ocrx_word' id='word_1_354' title='bbox 564 4372 660 4455; x_wconf 87' lang='grc' dir='ltr'>κόρων</span> <span class='ocrx_word' id='word_1_355' title='bbox 682 4365 735 4439; x_wconf 82' lang='grc' dir='ltr'>τὰς</span> <span class='ocrx_word' id='word_1_356' title='bbox 756 4367 846 4451; x_wconf 80' lang='grc' dir='ltr'>κόρας</span> <span class='ocrx_word' id='word_1_357' title='bbox 870 4364 981 4450; x_wconf 78' lang='grc' dir='ltr'>γυμνάς</span> <span class='ocrx_word' id='word_1_358' title='bbox 1003 4391 1035 4430; x_wconf 83' lang='grc' dir='ltr'>τε</span> <span class='ocrx_word' id='word_1_359' title='bbox 1056 4368 1216 4453; x_wconf 81' lang='grc' dir='ltr'>πομπεύειν</span> <span class='ocrx_word' id='word_1_360' title='bbox 1239 4369 1289 4435; x_wconf 77' lang='grc' dir='ltr'>καὶ</span> <span class='ocrx_word' id='word_1_361' title='bbox 1311 4369 1384 4458; x_wconf 79' lang='grc' dir='ltr'>πρὸς</span> <span class='ocrx_word' id='word_1_362' title='bbox 1416 4375 1504 4460; x_wconf 83' lang='grc' dir='ltr'>ἱεροῖς</span> 
     </span>
     <span class='ocr_line' id='line_1_40' title="bbox 204 4471 1504 4565; baseline 0.005 -24"><span class='ocrx_word' id='word_1_363' title='bbox 204 4502 279 4542; x_wconf 83' lang='grc' dir='ltr'>τισιν</span> <span class='ocrx_word' id='word_1_364' title='bbox 304 4479 461 4565; x_wconf 76' lang='grc' dir='ltr'>ὀρχεῖσθαι</span> <span class='ocrx_word' id='word_1_365' title='bbox 482 4475 532 4540; x_wconf 79' lang='grc' dir='ltr'>καὶ</span> <span class='ocrx_word' id='word_1_366' title='bbox 555 4471 634 4562; x_wconf 74' lang='grc' dir='ltr'>ἔρδειν</span> <span class='ocrx_word' id='word_1_367' title='bbox 657 4480 714 4538; x_wconf 84' lang='grc' dir='ltr'>τῶν</span> <span class='ocrx_word' id='word_1_368' title='bbox 737 4472 811 4537; x_wconf 88' lang='grc' dir='ltr'>νέων</span> <span class='ocrx_word' id='word_1_369' title='bbox 835 4471 987 4556; x_wconf 82' lang='grc' dir='ltr'>παρόντων</span> <span class='ocrx_word' id='word_1_370' title='bbox 1009 4471 1060 4536; x_wconf 80' lang='grc' dir='ltr'>καὶ</span> <span class='ocrx_word' id='word_1_371' title='bbox 1076 4474 1247 4560; x_wconf 83' lang='grc' dir='ltr'>θεωμένων.</span> <span class='ocrx_word' id='word_1_372' title='bbox 1293 4477 1429 4562; x_wconf 84' lang='lat' dir='ltr'>Saepius</span> <span class='ocrx_word' id='word_1_373' title='bbox 1449 4481 1504 4547; x_wconf 86' lang='lat' dir='ltr'>ds·</span> 
     </span>
     <span class='ocr_line' id='line_1_41' title="bbox 205 4577 1503 4669; baseline -0.001 -19"><span class='ocrx_word' id='word_1_374' title='bbox 205 4585 434 4667; x_wconf 88' lang='lat' dir='ltr'>prehendimus</span> <span class='ocrx_word' id='word_1_375' title='bbox 457 4587 677 4665; x_wconf 87' lang='lat' dir='ltr'>excerptorem</span> <span class='ocrx_word' id='word_1_376' title='bbox 699 4577 883 4645; x_wconf 91' lang='lat' dir='ltr'>studentem</span> <span class='ocrx_word' id='word_1_377' title='bbox 904 4581 941 4642; x_wconf 92' lang='lat' dir='ltr'>ut</span> <span class='ocrx_word' id='word_1_378' title='bbox 963 4578 1171 4646; x_wconf 87' lang='lat' dir='ltr'>traditionem</span> <span class='ocrx_word' id='word_1_379' title='bbox 1203 4584 1368 4669; x_wconf 89' lang='lat' dir='ltr'>vulgarem</span> <span class='ocrx_word' id='word_1_380' title='bbox 1391 4585 1503 4668; x_wconf 85' lang='lat' dir='ltr'>ampli-</span> 
     </span>
     <span class='ocr_line' id='line_1_42' title="bbox 204 4688 481 4774; baseline 0 -20"><span class='ocrx_word' id='word_1_381' title='bbox 204 4688 282 4756; x_wconf 89' lang='lat' dir='ltr'>ficet</span> <span class='ocrx_word' id='word_1_382' title='bbox 306 4689 358 4774; x_wconf 82' lang='lat' dir='ltr'>(cl.</span> <span class='ocrx_word' id='word_1_383' title='bbox 382 4709 412 4773; x_wconf 91' lang='lat' dir='ltr'>p.</span> <span class='ocrx_word' id='word_1_384' title='bbox 438 4689 481 4771; x_wconf 82' lang='lat'>3).</span> 
     </span>
    </p>

    <p class='ocr_par' dir='ltr' id='par_1_7' title="bbox 206 4786 1504 4984">
     <span class='ocr_line' id='line_1_43' title="bbox 296 4786 1504 4876; baseline 0.003 -18"><span class='ocrx_word' id='word_1_385' title='bbox 296 4793 363 4860; x_wconf 87' lang='lat' dir='ltr'>lem</span> <span class='ocrx_word' id='word_1_386' title='bbox 386 4797 562 4876; x_wconf 90' lang='lat' dir='ltr'>sequuntur</span> <span class='ocrx_word' id='word_1_387' title='bbox 585 4791 693 4874; x_wconf 89' lang='lat' dir='ltr'>capita</span> <span class='ocrx_word' id='word_1_388' title='bbox 716 4793 885 4872; x_wconf 88' lang='lat' dir='ltr'>quattuor,</span> <span class='ocrx_word' id='word_1_389' title='bbox 917 4786 1031 4869; x_wconf 90' lang='lat' dir='ltr'>quibus</span> <span class='ocrx_word' id='word_1_390' title='bbox 1054 4791 1211 4859; x_wconf 88' lang='lat' dir='ltr'>severitas</span> <span class='ocrx_word' id='word_1_391' title='bbox 1233 4793 1504 4862; x_wconf 88' lang='lat' dir='ltr'>Lacedaemonio·</span> 
     </span>
     <span class='ocr_line' id='line_1_44' title="bbox 206 4891 1502 4984; baseline 0.008 -22"><span class='ocrx_word' id='word_1_392' title='bbox 206 4915 278 4962; x_wconf 87' lang='lat' dir='ltr'>rum</span> <span class='ocrx_word' id='word_1_393' title='bbox 303 4898 335 4964; x_wconf 94' lang='lat' dir='ltr'>in</span> <span class='ocrx_word' id='word_1_394' title='bbox 355 4898 535 4966; x_wconf 90' lang='lat' dir='ltr'>hominibus</span> <span class='ocrx_word' id='word_1_395' title='bbox 558 4896 701 4980; x_wconf 85' lang='lat' dir='ltr'>quamvis</span> <span class='ocrx_word' id='word_1_396' title='bbox 724 4893 838 4960; x_wconf 87' lang='lat' dir='ltr'>leviter</span> <span class='ocrx_word' id='word_1_397' title='bbox 860 4891 1069 4976; x_wconf 90' lang='lat' dir='ltr'>peccantibus</span> <span class='ocrx_word' id='word_1_398' title='bbox 1091 4896 1273 4968; x_wconf 86' lang='lat' dir='ltr'>illustretur</span> <span class='ocrx_word' id='word_1_399' title='bbox 1293 4899 1502 4984; x_wconf 87' lang='lat' dir='ltr'>castigandis.</span> 
     </span>
    </p>
   </div>
   <div class='ocr_carea' id='block_1_4' title="bbox 0 0 1917 5370">
    <p class='ocr_par' dir='ltr' id='par_1_8' title="bbox 0 0 1917 5370">
     <span class='ocr_line' id='line_1_45' title="bbox 0 0 1917 5370; baseline 0 0"><span class='ocrx_word' id='word_1_400' title='bbox 0 0 1917 5370; x_wconf 95' lang='lat' dir='ltr'> </span> 
     </span>
    </p>
   </div>
  </div>
 </body>
</html>
