3814 5370
744 347 883 456 'm

211 569 362 657 αὐγάσδεο
385 575 419 637 01
439 569 541 653 πεῖραν
565 565 649 653 λαβέ,
673 566 717 632 011
740 565 924 632 derivanda.
982 565 1034 631 Sic
1058 563 1143 632 enim
1164 585 1218 634 res
1242 583 1277 633 se
1300 557 1416 634 habet:
1440 581 1511 633 cum

215 674 514 763 paroemiographis
543 657 623 739 facit
651 671 872 737 institutorum
899 670 1129 738 Laconicorum
1161 674 1274 738 auctor
1307 671 1341 736 in
1372 672 1510 738 lectione

214 782 362 868 αὐγάσδεο
392 787 426 847 01
455 778 648 846 Plutarchus
680 775 734 864 (dc
768 795 804 842 se
827 778 886 858 ips.
910 796 936 843 0.
960 776 1022 843 inv.
1045 776 1130 844 laud.
1153 796 1184 859 p.
1209 782 1271 842 544
1294 777 1335 860 Ε)
1360 813 1400 824 -
1436 776 1510 842 Ρ10-

218 890 348 956 tarchus
372 886 440 972 (vit.
463 884 554 968 Lyc.)
579 901 649 949 cum
672 882 847 948 scholiasta
868 882 1013 948 Platonis
1035 883 1068 947 in
1090 883 1191 966 πεῖρον
1214 880 1297 967 λαβέ.
1353 884 1456 964 Atque
1477 881 1511 945 in

109 1018 110 1022 ¹
214 1014 250 1061 eo
273 999 362 1060 certe
385 1010 448 1057 000
471 994 522 1055 001
545 987 737 1054 dubitationi
759 987 848 1053 locus
871 986 1103 1070 concedendus,
1127 987 1202 1070 quin
1222 986 1376 1069 Didymus
1399 991 1432 1051 01
1454 1005 1510 1068 pa-

212 1096 454 1182 roemiographi
476 1094 645 1176 genuinam
669 1090 786 1159 Sosibii
809 1092 1001 1175 scripturam
1024 1092 1232 1158 servaverint.
1276 1092 1346 1156 Iam
1368 1090 1510 1173 quando·

211 1203 342 1287 quidem
363 1203 450 1267 inter
474 1199 678 1266 scholiastam
701 1203 735 1263 et
748 1197 907 1264 Sosibium
930 1198 1088 1265 incertum
1111 1197 1269 1281 quendam
1292 1201 1512 1278 excerptorem

212 1309 396 1392 posuimus,
419 1305 493 1372 huic
514 1303 654 1370 fortasse
677 1304 957 1369 commutationem
980 1303 1067 1370 vocis
1091 1302 1285 1369 obscurioris
1306 1299 1455 1383 αὐγάσδεο
1478 1301 1512 1365 10

215 1414 318 1498 πεῖραν
343 1410 417 1498 λαβέ
438 1409 557 1476 100100
585 1407 825 1490 imputabimus.
883 1408 974 1486 Quod
1003 1414 1040 1474 ut
1067 1427 1103 1474 re
1137 1427 1213 1474 vera
1242 1407 1416 1487 faciamus,
1450 1406 1510 1472 hac

216 1517 406 1600 impellimur
427 1515 692 1581 ratiocinatione:
723 1512 881 1580 Sosibium
904 1531 1016 1581 versus
1039 1513 1112 1580 illos
1134 1513 1272 1596 genuina
1296 1512 1434 1578 dialecto
1456 1531 1511 1577 ex·

214 1621 356 1688 hibuisse
379 1621 458 1686 mihi
480 1619 761 1702 persuasissimum
784 1625 850 1685 est:
886 1619 1107 1685 demonstrant
1131 1619 1214 1684 enim
1237 1618 1296 1683 hoc
1319 1617 1511 1683 Plutarchus
1565 1645 1567 1648 ·

216 1733 248 1792 01
270 1725 563 1811 paroemiographi.
615 1727 683 1790 100
714 1743 787 1790 vero
812 1723 954 1790 scholion
976 1724 1055 1790 illud
1078 1724 1198 1790 nullum
1221 1723 1395 1788 dorismum
1418 1741 1512 1804 quem

212 1835 330 1898 vocant
352 1831 493 1897 admisit.
550 1831 664 1912 Itaque
686 1828 853 1911 probabile
876 1830 981 1895 estin
1003 1828 1091 1896 10010
1114 1830 1183 1895 0100
1204 1865 1248 1875 -
1270 1828 1337 1893 sive
1360 1827 1453 1909 hunc,
1475 1825 1509 1891 id

214 1937 297 2019 quod
322 1953 383 2022 ego
407 1934 507 2018 facio,
544 1939 695 2016 excerpta
718 1932 887 2001 Sosibiana
910 1934 1125 2016 appellaveris
1155 1935 1221 2000 sive
1251 1931 1368 1998 librum
1399 1932 1509 1998 nescio

212 2060 315 2124 quem,
338 2041 394 2122 qui
416 2059 433 2106 e
451 2039 576 2106 Sosibio
599 2038 790 2122 pependerit
811 2075 854 2086 —
875 2057 987 2106 versus
1009 2039 1083 2104 illos
1105 2057 1168 2104 non
1189 2039 1284 2106 modo
1299 2040 1419 2105 Dorica
1439 2038 1508 2104 dia-

212 2148 298 2212 lecto
320 2145 379 2211 sed
402 2145 498 2210 01100
519 2146 629 2211 Attica
653 2163 821 2227 expressos
844 2143 954 2211 101000.
1000 2144 1121 2210 Contra
1143 2163 1219 2210 cave
1242 2164 1282 2211 ne
1302 2143 1511 2210 Plutarchum

217 2270 342 2334 quoque
365 2250 483 2316 eisdem
505 2251 665 2333 excerptis
688 2249 865 2316 Sosibianis
887 2268 980 2316 usum
1002 2268 1074 2316 esse
1095 2256 1199 2332 putes.
1246 2250 1326 2317 Tum
1349 2250 1432 2316 enim
1451 2247 1511 2313 mi·

216 2375 287 2422 rum
309 2357 341 2420 in
364 2355 490 2421 modum
513 2356 671 2438 duphccm
691 2355 784 2422 unius
807 2374 919 2422 versus
941 2355 1078 2422 formam
1101 2356 1325 2422 contraxisset.
1372 2353 1511 2433 Quodsi

214 2468 322 2528 tamen
344 2460 485 2544 fecisset,
508 2460 738 2544 quaerentibus
761 2461 869 2543 nobis,
894 2461 977 2527 unde
1001 2467 1113 2528 auctor
1137 2461 1376 2528 ‘institutorum’
1399 2460 1511 2526 lectio·

134 2635 142 2650 ,
211 2586 284 2633 000
308 2563 459 2650 αὐγάσδεο
482 2566 642 2650 habuerit,
667 2585 706 2632 ex
729 2567 842 2632 eodem
864 2567 919 2632 illo
943 2572 1093 2650 excerpto
1117 2585 1187 2632 eam
1209 2567 1357 2634 haustam
1376 2584 1447 2632 esse
1463 2565 1511 2630 di-

213 2671 350 2739 cendum
371 2669 473 2756 000011,
496 2673 572 2753 quia
594 2677 664 2739 1010
686 2672 754 2738 0100
776 2672 921 2738 narratio
944 2671 1174 2754 verborumque
1197 2672 1275 2739 ordo
1298 2677 1429 2754 praeter
1451 2672 1511 2737 hoc

215 2796 313 2843 unum
334 2773 482 2859 αὐγάσδεο
506 2776 619 2843 eadem
641 2782 715 2843 sunt
738 2796 819 2860 quae
833 2776 918 2860 apud
931 2777 1149 2843 Plutarchum.
1195 2776 1395 2843 Haberemus
1412 2777 1512 2858 igitur

217 2881 320 2964 ipsum
343 2887 527 2965 excerptum
550 2881 753 2948 Sosibianum
783 2902 802 2947 0
837 2882 961 2948 duobus
992 2880 1176 2948 auctoribus
1209 2881 1387 2965 depictum,
1422 2881 1512 2947 cuius

218 2985 315 3052 uerba
344 2987 558 3052 aPlutarcho
590 2992 687 3070 atque
718 3005 872 3069 anonymo
903 2986 1142 3070 rehgiosissime
1173 2991 1302 3053 servata
1337 2986 1512 3053 schohasta

220 3091 360 3157 Platonis
383 3109 441 3158 suo
462 3091 581 3157 iudicio
603 3091 778 3159 mutavisse
801 3091 978 3160 censendus
1001 3099 1106 3176 esset,
1135 3110 1237 3174 neque
1259 3092 1322 3175 ita,
1345 3098 1382 3158 ut
1404 3091 1511 3158 dicere

215 3215 328 3279 posses
349 3196 381 3262 in
403 3197 556 3263 deterius.

300 3303 389 3369 Haec
413 3307 450 3369 ut
471 3320 531 3384 per
552 3320 588 3368 se
610 3301 662 3367 vix
684 3302 751 3368 veri
773 3301 1076 3386 0101110010100100,
1109 3302 1156 3368 ita
1186 3321 1279 3368 0000
1302 3303 1365 3368 erit
1388 3303 1441 3384 qui
1463 3302 1511 3367 ita

214 3425 249 3472 00
271 3407 393 3473 habere
415 3426 484 3473 rem
506 3406 569 3473 sibi
591 3406 693 3488 possit
715 3407 928 3490 persuadere,
958 3409 1012 3490 qui
1034 3407 1116 3475 sciet
1138 3407 1312 3474 Plutarcho
1334 3407 1416 3472 hanc
1439 3425 1509 3473 ver·

214 3529 269 3578 sus
291 3512 429 3579 formam
452 3509 527 3576 αἰδὲ
542 3515 597 3598 λῇς
610 3510 760 3595 αὐγάσδεο
783 3511 864 3579 bene
882 3513 1044 3597 cognitam
1060 3511 1160 3580 fuisse
1183 3512 1238 3596 (cf.
1251 3532 1329 3578 mor.
1340 3533 1371 3594 p.
1386 3517 1448 3577 544
1458 3511 1511 3597 E).

213 3617 306 3684 Unde
340 3618 424 3684 enim
456 3618 537 3684 hanc
568 3620 727 3685 noverat?
792 3618 842 3682 Ex
870 3616 995 3684 Sosibio
1030 3619 1141 3701 opinor
1174 3617 1332 3684 lectitato.
1394 3617 1509 3700 Itaque

213 3721 353 3788 remita
376 3722 601 3806 expediemus,
631 3729 667 3789 ut
689 3723 861 3789 Plutarcho
883 3723 1056 3790 reddamus
1086 3723 1256 3806 genuinam
1280 3740 1374 3804 quam
1395 3721 1429 3786 in
1453 3722 1509 3789 So·

216 3826 300 3894 sibio
323 3828 444 3893 invenit
465 3828 636 3894 lectionem
657 3826 823 3911 αὐγάσδεο,
855 3828 939 3911 quod
961 3827 1093 3895 verbum
1121 3834 1158 3895 01
1186 3829 1251 3894 100
1284 3826 1420 3892 diximus
1442 3827 1511 3893 fere

213 3933 360 4018 ignotum
392 3940 428 3999 ut
461 3935 641 4000 illustraret
670 3935 900 4020 grammaticus
931 3935 1126 4017 Byzantinus
1157 3939 1322 4016 tamquam
1351 3935 1512 4016 glossema

214 4038 316 4123 πεῖραν
338 4038 413 4124 λαβέ
435 4039 519 4121 apud
541 4045 761 4122 excerptorem
782 4041 873 4105 illum
896 4038 1014 4106 Sosibii
1034 4044 1200 4122 repertum
1220 4039 1402 4122 adscripsit,
1426 4038 1510 4104 unde

216 4141 337 4210 factum
370 4148 433 4224 001,
472 4149 508 4211 01
541 4146 660 4211 sensim
692 4144 870 4212 scribarum
899 4145 1021 4211 incuria
1062 4163 1141 4227 prae
1174 4146 1369 4228 glossemate
1402 4162 1512 4210 veram

215 4249 382 4316 Plutarchi
404 4250 597 4332 scripturam
619 4270 658 4317 ex
679 4250 771 4316 libris
796 4251 981 4334 expelleret,
1004 4250 1196 4334 praesertim
1218 4269 1289 4316 cum
1310 4249 1411 4315 multo
1433 4248 1512 4316 faci·

215 4354 327 4420 horem
350 4369 463 4421 versus
485 4356 680 4423 sententiam
701 4354 827 4422 faceret
849 4355 890 4422 ad
912 4356 1171 4439 intellegendum.

303 4461 392 4539 Quae
413 4480 484 4527 cum
504 4461 552 4527 ita
574 4463 641 4528 sint
663 4461 783 4528 diutins
805 4480 868 4528 non
890 4459 1097 4542 prohibemur
1111 4459 1276 4542 quominus
1291 4459 1512 4526 institutorum

214 4562 447 4634 Laconicorum
468 4571 566 4649 caput
590 4573 628 4633 15
651 4572 756 4634 totum
778 4586 816 4634 ex
837 4567 1011 4633 Plutarcho
1039 4567 1240 4648 desumptum
1263 4583 1334 4632 esse
1358 4565 1511 4632 dicamus.

217 4670 255 4736 Id
287 4689 364 4738 vero
397 4671 588 4738 concludere
616 4672 694 4739 licet
724 4692 763 4740 cx
794 4678 905 4740 nostra
935 4671 1152 4754 disputatione
1186 4671 1269 4737 hunc
1301 4669 1417 4737 librum
1451 4688 1515 4735 non

218 4776 320 4844 multo
340 4782 415 4860 post
435 4777 642 4845 Plutarchum
665 4797 736 4846 esse
759 4778 983 4862 compositum,
1006 4795 1184 4860 nouumque
1208 4776 1435 4843 adminiculum
1457 4775 1515 4841 ad·

217 4883 392 4950 struximus
414 4884 606 4966 sententiae,
629 4903 726 4968 quam
747 4883 943 4952 Schmidtius
967 4883 1041 4968 (1.0.
1068 4902 1099 4967 p.
1124 4882 1179 4968 73)
1202 4882 1243 4948 de
1270 4889 1415 4965 tempore
1437 4900 1514 4964 apo·

271 4999 346 5052 1101οο
361 5009 443 5059 maest.
456 5005 506 5048 ane.
1219 4991 1238 5052 2
