3814 5370
998 367 1038 429 al

368 528 428 602 lari
451 533 628 604 eruditione
643 538 813 605 excellenti
828 538 993 619 hausisse;
1017 540 1046 605 si
1062 538 1192 622 quddam
1210 539 1405 608 haecdicit:
1424 535 1672 606 Ἐλευσίνια·

368 638 449 723 ἀγὼν
472 641 633 726 θυμελικδς
657 643 801 728 ἀγόμενος
824 643 970 729 Δήμητρι.
1026 641 1116 730 Παρὰ
1138 643 1282 711 Λάκωσιν
1305 644 1354 711 καὶ
1384 647 1414 711 έν
1437 646 1560 734 Σικελία
1581 649 1670 731 τιμᾶ-

367 771 415 811 ται
432 745 574 832 Ἅρτεμις,
597 745 646 812 καί
670 747 746 822 Ζεὺς
765 746 950 822 Ἐλευσίνιος
973 745 1037 834 παρ’
1058 745 1163 814 Ἴωσιν
1178 750 1212 834 ¹).

456 852 608 937 Hesychii
638 853 758 921 fontem
799 855 897 921 alium
930 853 1030 922 fuisse
1062 861 1159 938 atque
1188 854 1226 921 Ei
1242 854 1285 922 Mi
1316 858 1531 926 demonstrari
1564 862 1674 941 potest

370 957 468 1024 etiam
489 959 522 1025 in
545 961 663 1045 glossa,
688 979 770 1043 quae
794 960 907 1028 eadem
929 961 1055 1028 ratione
1079 960 1120 1027 ab
1135 967 1271 1044 utroque
1288 964 1474 1047 explicatur,
1498 964 1671 1050 dicoglos·

343 1119 346 1125 .
370 1082 438 1130 sam
462 1065 670 1138 ἐπωπίδες.
728 1065 828 1144 Quam
858 1071 895 1132 ut
924 1071 1054 1132 enarret
1076 1067 1255 1150 Hesychius
1278 1069 1356 1134 nihil
1385 1068 1485 1136 habet
1512 1070 1576 1136 nisi
1605 1067 1671 1132 ἐπί-

370 1193 490 1250 σκοποι,
530 1170 692 1234 ἀκόλουθοι
713 1169 794 1256 παρὰ
815 1171 1075 1255 Λακεδαιμονίοις.
1121 1172 1184 1236 Eum
1206 1173 1276 1238 Mum
1298 1193 1374 1240 vero
1396 1175 1502 1258 paullo
1524 1173 1672 1258 pluribus

370 1273 457 1341 idam
480 1275 575 1341 dicit:
600 1275 626 1338 εἰ
649 1273 701 1360 μὲν
727 1274 893 1357 δασύνεται,
919 1276 1056 1362 σημαίνει
1078 1275 1130 1360 τὴν
1155 1276 1330 1360 ἀκόλουθον,
1355 1280 1380 1342 εί
1405 1277 1438 1344 δὲ
1461 1281 1596 1366 ψιλοῦται
1617 1277 1672 1364 τὴν

370 1379 526 1445 ἐπίσκοπον
552 1378 602 1444 διὰ
623 1379 691 1453 τοὺς
714 1383 806 1454 ὦπας.
847 1380 1017 1468 Λυκόφρων
1042 1382 1173 1466 (1175);

544 1487 568 1548 ὦ
593 1492 701 1571 μῆτερ,
732 1487 947 1572 ὦδυσμῆτερ,
978 1485 1049 1550 οὐδὲ
1071 1485 1121 1551 σὸν
1144 1486 1230 1560 κλέος

546 1589 674 1655 ἄπυστον
696 1590 791 1672 ἔσται,
825 1591 967 1678 Περσέως
990 1590 1024 1656 δὲ
1045 1592 1192 1677 παρθένος

545 1695 651 1783 Βριμὼ
677 1696 846 1785 Τρίμορφος
868 1698 995 1782 θήσεται
1019 1700 1046 1762 σ’
1069 1698 1207 1763 ἐπωτίδα

540 1804 697 1886 κλαγγαῖσι
719 1802 946 1889 ταρμύσσουσαν
970 1802 1101 1890 ἐννύχοις
1125 1801 1264 1890 βροτούς·

370 1907 402 1969 ἐκ
425 1911 477 1970 τοῦ
499 1907 561 1971 ἕπω
584 1909 732 1981 ἑπωπίδες
754 1909 890 1993 λέγονται
913 1910 943 1973 αἱ
966 1909 1183 1996 θεραπαινίδες.
1237 1911 1273 1976 In
1296 1908 1412 1992 quibus
1435 1910 1586 1992 quoniam
1608 1911 1671 1994 Ly·

371 2013 488 2094 cophro
511 2013 630 2080 citatus
653 2015 791 2082 animum
823 2021 968 2082 nostrum
1002 2016 1158 2099 advertit,
1192 2015 1331 2101 legenda
1365 2021 1439 2082 sunt
1473 2035 1554 2098 quae
1586 2015 1674 2084 dicat

370 2118 546 2185 scholiasta
573 2119 606 2185 in
635 2139 762 2187 versum
788 2126 879 2186 1176.
935 2121 1133 2204 Simulatque
1156 2141 1232 2188 vero
1254 2122 1338 2188 hunc
1361 2121 1558 2204 inspeximus
1583 2122 1672 2189 hisce

371 2242 480 2290 votem
503 2225 735 2308 explicantem:
766 2225 904 2290 ἐπωτίδα
927 2224 977 2305 δὲ,
1011 2228 1036 2289 εἰ
1064 2224 1115 2311 μὲν
1141 2226 1276 2311 δασέως,
1306 2225 1358 2312 τὴν
1382 2225 1558 2307 ἀκόλουθον,
1593 2225 1674 2290 εἰδὲ

369 2330 472 2412 ψιλῶς,
494 2328 547 2415 τὴν
571 2329 728 2394 ἐπίσκοπον
753 2329 803 2394 διὰ
824 2329 875 2403 τὰς
900 2333 1000 2410 ὦπας,
1037 2331 1231 2399 dubitationi
1254 2332 1361 2398 nullus
1394 2336 1539 2398 remanet
1573 2332 1667 2415 locus,

371 2435 447 2516 qun
468 2435 505 2500 Ei
526 2434 571 2499 Mi
595 2442 707 2502 auctor
739 2437 813 2502 hinc
835 2457 894 2504 sna
917 2436 1123 2516 deliberarit,
1161 2457 1242 2520 quae
1273 2436 1435 2503 sententia
1456 2455 1495 2504 aa
1517 2456 1553 2504 re
1574 2436 1664 2502 etiam

370 2539 475 2624 magis
507 2539 731 2625 confirmatur,
767 2542 851 2624 quod
882 2542 919 2607 Ei
934 2541 976 2607 Mi
1005 2547 1117 2610 auctor
1145 2562 1208 2609 una
1242 2561 1314 2609 cum
1336 2542 1545 2625 explicatione
1562 2539 1661 2622 ipsum

369 2645 485 2711 lemma
517 2647 611 2728 quale
641 2647 675 2713 in
708 2647 829 2714 schoho
859 2647 921 2715 fuit
953 2647 986 2713 in
1018 2667 1098 2732 opus
1121 2667 1212 2715 suum
1235 2648 1411 2715 transtulit.
1470 2646 1561 2726 Quod
1580 2644 1660 2712 nullo

369 2755 464 2833 pacto
488 2751 627 2832 quadrat
648 2752 682 2817 in
704 2753 915 2836 Hesychium,
950 2773 1044 2835 quem
1068 2753 1197 2820 aliunde
1221 2773 1280 2821 sua
1302 2754 1456 2837 petivisse
1479 2753 1669 2820 documento

371 2860 446 2922 sunt
467 2853 566 2922 verba
589 2853 670 2942 παρὰ
692 2856 952 2943 Λακεδαιμονίοις.

457 2962 562 3044 Atque
592 2963 677 3028 idem
709 2982 781 3030 esse
814 2965 1009 3032 censendum
1039 2966 1079 3032 de
1108 2966 1196 3032 vocis
1217 2963 1382 3050 κάνναθρον
1407 2961 1672 3047 explicationibus

370 3065 410 3133 ab
434 3066 594 3149 Hesychio
627 3072 660 3133 et
681 3066 774 3133 E¹M¹
808 3074 939 3136 auctore
970 3070 1078 3138 allatis
1111 3069 1252 3137 arbitror
1275 3069 1487 3136 Schmidtium
1520 3074 1591 3135 tota
1623 3067 1675 3133 via

371 3190 498 3238 errasse
519 3177 621 3238 ratus.
675 3173 707 3238 Ia
729 3174 813 3239 enim
837 3193 908 3240 cum
929 3175 962 3240 in
990 3174 1092 3241 E⁰M⁰
1107 3176 1255 3262 legatur:
1279 3173 1520 3259 κάνναθρον·
1544 3173 1677 3257 Δίδυμος

370 3275 422 3362 τὴν
445 3277 583 3363 πείρινθα
617 3278 682 3340 <ec
706 3277 796 3363 ρίπων
820 3279 893 3347 add.
918 3280 1022 3346 Gram.
1047 3281 1158 3348 anecd.
1182 3281 1255 3346 Par.
1279 3281 1324 3346 IV
1345 3300 1377 3362 p.
1392 3286 1466 3346 64>
1488 3278 1674 3363 πλεκομένην

371 3382 452 3466 λέγει
474 3381 604 3468 ρίπινθον
626 3381 677 3446 καί
699 3381 775 3447 κατὰ
798 3384 945 3450 ἀντίθεσιν
968 3385 1128 3471 πείρινθον.
1162 3388 1248 3450 τοῦτο
1272 3383 1305 3448 δὲ
1328 3383 1384 3449 ὑπὸ
1409 3385 1602 3470 Ξενοφῶντος
1616 3407 1676 3447 κα-

370 3488 489 3552 λεῖσθαι
510 3486 685 3574 κάνναθρον,
709 3487 773 3554 ἐπεί
795 3487 844 3554 καί
867 3487 942 3575 κείνη
966 3493 985 3575 ἡ
1009 3490 1127 3578 ψίαθος.
1161 3487 1507 3577 οίίτωςἘπαφρόδιτος·
1526 3481 1676 3575 Ὦρος-

370 3593 586 3678 fragmenlnm
609 3594 738 3678 Didymi
761 3596 820 3662 hoc
844 3597 913 3662 loco
936 3601 1098 3662 servatum
1121 3596 1216 3663 facile
1239 3615 1335 3678 posse
1369 3596 1566 3680 euganeis,
1590 3614 1675 3678 quae

371 3699 551 3783 Hesychius
575 3719 599 3766 s.
612 3721 641 3766 ν.
672 3700 822 3780 haberet,
858 3701 1036 3768 autumavit
1067 3701 1211 3788 (Didymi
1234 3701 1438 3769 chalcenteri
1459 3701 1615 3784 reliquiae
1640 3720 1673 3783 p.

373 3805 438 3889 76).
490 3806 557 3870 lam
581 3824 656 3871 vero
681 3825 750 3872 cum
773 3803 810 3871 El
826 3805 871 3870 Mi
891 3805 991 3873 verba
1020 3807 1199 3873 luculenter
1222 3825 1292 3873 cum
1315 3807 1437 3874 schoho
1457 3807 1483 3872 B
1505 3807 1538 3872 in
1561 3805 1675 3873 Iliadis

371 3909 396 3974 tl
423 3916 502 3994 190,
541 3911 625 3993 quod
648 3912 838 3977 Eustathius
861 3912 1035 3994 descripsit
1068 3917 1165 3994 atque
1196 3913 1392 3998 etymologia
1425 3913 1537 3979 addita
1571 3911 1674 3996 auxit,

371 4016 505 4082 eandem
537 4017 694 4102 originem
725 4015 846 4082 habere
875 4017 1059 4096 videantur,
1095 4017 1225 4100 Didymi
1255 4017 1416 4103 ὑπόμνημα
1450 4018 1491 4090 εἰς
1516 4013 1635 4082 Ἰλιάδα
1644 4015 1671 4103 ²)

371 4139 466 4202 quam
489 4121 563 4194 λέξιν
585 4121 720 4208 κωμικὴν
751 4120 872 4187 fontem
894 4122 1004 4188 malim
1027 4141 1115 4206 esse,
1146 4141 1186 4188 ex
1208 4141 1270 4206 quo
1292 4124 1373 4191 haec
1394 4123 1436 4190 de
1459 4141 1536 4190 voce
1559 4121 1674 4207 πείριν-

370 4226 424 4298 θος
452 4226 627 4310 disputatio
659 4227 692 4292 in
720 4227 841 4294 scholia
875 4228 916 4294 ad
946 4227 1081 4294 Iliadem
1103 4233 1201 4311 atque
1223 4228 1298 4297 inde
1326 4229 1360 4295 in
1382 4229 1445 4295 Eam
1468 4228 1537 4294 Mum
1559 4246 1672 4296 mana-

372 4387 707 4403 -ι-ιόι--ιι--ι

396 4483 399 4492 ’
446 4501 473 4569 1)
492 4498 537 4553 Sic
556 4499 721 4556 Schmidtius
743 4501 818 4572 legit.
836 4501 927 4557 Aliter
946 4517 1010 4558 vero
1029 4508 1071 4558 eat
1087 4501 1341 4573 interpungendum.
1376 4502 1410 4558 cf.
1430 4504 1590 4574 catalogum.

444 4587 473 4659 2)
492 4589 573 4644 Certe
591 4591 667 4645 nulla
685 4591 792 4647 ratione
811 4592 995 4649 demonstrari
1013 4598 1120 4663 potest,
1139 4591 1283 4663 Didymum
1302 4593 1331 4647 in
1349 4594 1542 4651 commentario
1561 4595 1591 4649 iu
1608 4591 1674 4650 Ilia·

373 4679 432 4734 dem
452 4681 554 4748 scripto
573 4679 713 4736 Polemoni
738 4684 916 4752 grammatico
943 4682 1132 4738 contradicere
1159 4697 1213 4737 non
1241 4684 1372 4752 potuisse.
1393 4713 1425 4724 -
1454 4681 1674 4755 Epaphroditus,

369 4764 404 4824 Ei
422 4768 459 4823 M¹
479 4770 572 4838 testis,
600 4769 710 4842 Didymi
728 4772 855 4828 doctrina
873 4772 909 4828 ad
926 4773 1075 4828 Homerum
1094 4773 1331 4842 interpretandum
1349 4788 1414 4829 uana
1434 4781 1484 4830 est.
1533 4772 1568 4830 cf.
1587 4772 1674 4840 Nisae

371 4859 406 4918 de
425 4860 556 4932 Stephani
577 4862 640 4934 Byn.
661 4863 819 4920 auctoribus
838 4880 866 4934 p.
885 4865 928 4921 al.
