3814 5370
854 431 894 492 27

314 602 389 685 Cap.
413 603 512 668 XXX.
550 597 648 675 Ἔθος
670 601 706 688 ἦν
730 600 829 672 αὐτοῖς
852 597 929 686 μηδὲ
951 599 1068 666 κόπτειν
1092 594 1143 670 τάς
1167 595 1303 668 αὐλείους
1325 593 1428 681 θόρας,
1453 593 1520 658 ἀλλ’

227 706 337 779 ἔξωθεν
363 709 444 794 βοῦν.

312 814 388 896 Cap.
412 813 527 880 XXXI.
573 813 742 897 Στλεγγίσιν
765 813 800 877 οῦ
823 813 958 898 σιδηραῖς
982 808 1059 875 ἀλλά
1080 809 1256 894 καλαμίναις
1278 809 1419 894 ἐχρῶντο.

314 919 391 1002 Cap.
414 920 545 986 XXXII.
591 917 764 1006 Κωμῳδίας
785 916 835 982 καί
859 917 1026 1004 τραγῳδίας
1048 915 1101 980 οῦκ
1132 918 1303 1002 ήκροῶντο,
1338 914 1418 984 ὅπως
1449 912 1523 996 μήτε

230 1025 259 1088 ἐν
283 1027 397 1111 σπουδή
423 1027 496 1111 μήτε
520 1026 549 1089 ἐν
573 1027 677 1111 παιδιᾷ
699 1025 831 1090 ἀκοόωσι
853 1029 909 1088 τῶν
931 1024 1139 1106 ἀντιλεγόντων
1162 1021 1221 1093 τοῖς
1242 1021 1351 1105 νόμοις.

318 1131 394 1213 Gap.
418 1131 565 1197 XXXIII.
620 1129 788 1218 Ἀρχίλοχον
820 1129 868 1194 τὸν
898 1129 1092 1260 ποιητήνέν
1125 1127 1331 1212 Λακεδαίμονι
1369 1125 1524 1209 γενόμενον

230 1236 386 1321 αὐτῆςρ
344 1239 408 1299 ῶα
410 1236 586 1319 ςέδ,ίωξαν
612 1239 722 1302 διότι
723 1237 877 1321 πέγνωσαν
901 1233 988 1300 αὐτὸν
1012 1234 1208 1320 πεποιηκότα,
1234 1236 1275 1304 ὡς
1296 1230 1458 1317 κρεῖττόν
1447 1252 1522 1292 εστιν

108 1379 109 1383 =
233 1341 391 1428 ἀποβαλεῖν
414 1345 451 1404 τοί
474 1343 551 1406 όπλα
573 1347 592 1428 ή
617 1344 787 1409 ἀποθανεῖν.

401 1443 498 1510 Ἀσπίδ
483 1449 511 1510 δι
534 1446 585 1533 μὲν
608 1447 707 1513 Σαΐων
729 1473 772 1522 τις
795 1447 964 1534 ἀγάλλεται,
988 1449 1024 1537 ἣν
1049 1444 1115 1532 περί
1137 1444 1243 1532 θάμνῳ

399 1549 505 1626 Ἐντὸς
527 1554 689 1640 ἀμώμητον
712 1552 853 1619 κάλλιπον
877 1553 931 1618 οῦκ
953 1553 1078 1618 ἐθέλων.

758 1652 764 1662 ’
813 1697 852 1708 -
877 1656 964 1730 ἀσπίς
986 1657 1083 1742 ἐκείνη

402 1762 553 1849 Ἐρρέτω·
576 1765 695 1837 ἐξαῦθις
716 1767 864 1851 κτήσομαι
887 1764 921 1828 οῦ
943 1763 1048 1830 κακίω.

321 1871 397 1953 Cap.
420 1869 549 1935 XXXV.
605 1869 787 1956 Σκιραφίδαν
818 1868 989 1955 ἐζημίωσαν
1024 1869 1051 1932 οί
1084 1865 1205 1952 ἔφοροι,
1243 1865 1286 1928 ότι
1318 1859 1374 1926 ῦπδ
1409 1860 1525 1923 πολλῶν

239 1975 376 2061 ήδικεῖτο.

321 2082 397 2164 Gap.
420 2079 564 2147 XXXVI.
610 2079 802 2166 Σακκοφόρον
833 2079 966 2162 ἀνεῖλον,
1001 2079 1075 2144 διότι
1103 2076 1242 2164 παρυφὴν
1273 2073 1315 2146 είς
1343 2068 1391 2135 τὸν
1422 2066 1529 2133 σάκκον

244 2184 372 2270 ἐνέβαλε.

330 2289 400 2371 Cap.
421 2289 582 2356 XXXVII.
628 2287 684 2354 Τὸν
708 2291 741 2353 ἐκ
763 2294 815 2354 τοῦ
836 2289 998 2377 γυμνασίου
1026 2289 1176 2355 νεανίσκον
1209 2288 1373 2376 ἐπετίμων,
1405 2288 1450 2351 ότι
1478 2285 1530 2372 τήν

245 2395 284 2466 είς
307 2393 433 2458 Πυλαίαν
458 2391 526 2457 ὁδὸν
549 2394 702 2478 ήπίστατο.

322 2501 396 2582 Cap.
420 2500 598 2566 XXXVIII.
644 2498 888 2587 Κηφισοφῶντα,
921 2501 1039 2566 εἰπόντα
1061 2498 1201 2589 περὶτοῦ
1223 2500 1362 2587 τυχόντος
1385 2498 1532 2563 δύνασθαι

238 2606 306 2732 όλην
328 2606 380 2692 τήν
404 2607 518 2732 ἡμέραν
541 2607 656 2690 λέγειν,
681 2605 835 2694 ἐξέβαλον,
872 2606 1000 2694 φάμενοι
1020 2606 1068 2674 τόν
1092 2606 1206 2690 ἀγαθόν
1231 2604 1366 2693 μυθητὰν
1390 2605 1449 2671 δεῖν
1472 2605 1532 2677 τοῖς

238 2709 404 2796 πράγμασιν
426 2709 489 2776 ἴσον
512 2711 560 2778 τὸν
583 2711 710 2794 λόγον”
693 2735 782 2881 εχειν.

322 2819 399 2901 Cap.
421 2818 568 2885 XXXIX.
614 2814 650 2882 Oi
673 2818 743 2881 παῖδ
746 2842 776 2890 ες
798 2820 867 2904 παρ’
892 2817 991 2891 αὐτοῖς
1013 2820 1175 2904 ξαινόμενοι
1198 2817 1312 2904 μάστιξι
1335 2818 1373 2881 δι’
1389 2817 1514 2902 όλης
1480 2840 1532 2900 της

236 2921 313 3008 ήμέρ
316 2924 386 2994 αςέ
371 2920 419 2986 ἐπί
441 2927 493 2987 τοῦ
525 2925 628 3010 βωμοῦ
662 2947 715 3051 της
744 2920 873 3009 Ὀρθίας
903 2921 1080 3011 Ἀρτέμιδος
1111 2922 1198 3011 μέχρι
1232 2922 1363 2989 θανάτου
1394 2918 1536 2992 πολλάκις

235 3031 494 3114 διακαρτεροῦσιν,
530 3027 624 3115 ίλαροι
646 3027 696 3092 καὶ
718 3033 840 3114 γαῦροι,
873 3029 1074 3115 ἁμιλλώμενοι
1095 3055 1149 3117 περ
1152 3029 1161 3094 ί
1181 3030 1264 3116 νίκης
1286 3028 1357 3116 πρὸς
1379 3028 1537 3112 ἀλλήλους,

238 3135 315 3207 όςτις
338 3133 434 3197 αὐτῶν
458 3131 505 3197 ἐπί
521 3131 607 3198 πλέον
630 3131 729 3198 τεκαὶ
750 3137 860 3221 μᾶλλον
877 3138 1070 3222 καρτερήσειε
1091 3138 1284 3222 τυπτόμενος·
1306 3131 1356 3198 καί
1379 3135 1395 3196 θ
1416 3155 1453 3196 πε
1456 3153 1536 3217 ριγε-

235 3241 376 3325 νόμενος,
411 3241 440 3302 ἐν
464 3239 524 3310 τοῖς
548 3237 674 3324 μάλιστα
704 3239 880 3312 ἐπίδοξόςέ
882 3265 934 3305 στι.
980 3241 1174 3306 καλεῖταιδὲ
1159 3242 1350 3328 εήάμιλλα
1381 3233 1538 3324 διαμαστί-

241 3371 344 3432 γωσις.
390 3346 500 3430 γίνεται
523 3344 648 3409 δὲκαθ’
671 3346 792 3410 ἕκαστον
815 3345 889 3420 ἔτος.

329 3452 406 3534 Cal).
429 3453 496 3517 XL.
521 3452 589 3536 [vit.
612 3452 687 3534 Lyc.
713 3457 772 3516 24:
798 3446 919 3516 ιιἘνδ
889 3454 922 3516 ε
944 3477 970 3516 τι
990 3457 1048 3516 τῶν
1070 3454 1170 3517 καλῶν
1192 3449 1242 3516 καί
1266 3450 1473 3537 μακαρίωνδ
1441 3450 1473 3513 ἐδ
1476 3450 1539 3513 όκει

238 3554 493 3644 παρεσκευακέναι
515 3557 575 3629 τοῖς
598 3557 730 3628 πολίταις
754 3558 769 3619 δ
792 3557 982 3643 Λυκοῦργος,
1019 3558 1165 3644 ἀφθονίαν
1190 3560 1311 3644 σχολῆς.
1357 3555 1463 3642 τέχνης
1486 3553 1537 3641 μὲν

238 3659 298 3748 γάρ
321 3661 457 3749 ἅψασθαι
481 3659 629 3747 βαναῦσου
652 3657 684 3723 τό
708 3658 846 3747 παράπαν
871 3661 923 3724 οὐκ
945 3660 1054 3732 ἔξεστι·
1078 3666 1287 3748 χρηματισμοῦ
1311 3659 1344 3725 δέ
1363 3658 1538 3745 συναγωγήν

240 3765 361 3854 ἔχοντος
384 3768 500 3853 ἐργώδη
524 3763 574 3830 καί
597 3766 808 3852 πραγματείας,
833 3766 896 3831 οὐδ’
920 3769 1014 3833 ὁτιοῦν
1038 3767 1108 3849 ἔδει,
1133 3766 1182 3832 διά
1203 3765 1236 3832 τὸ
1258 3769 1365 3853 κομιδή
1383 3764 1432 3830 τόν
1445 3769 1540 3830 πλοῦ-

242 3895 293 3936 τον
317 3869 427 3957 ἄζηλον
450 3869 643 3957 πεποιηκέναι
663 3870 713 3935 καί
742 3871 854 3958 ἀτιμον.
911 3873 939 3936 οί
969 3870 1002 3936 δὲ
1025 3871 1143 3946 εἵλωτες
1166 3871 1265 3944 αὐτοῖς
1294 3870 1464 3958 εἰργάζοντο
1486 3869 1539 3956 τήν

242 3984 309 4062 γῆν,
334 3975 530 4063 ἀποφέροντες
553 3976 708 4064 ἀποφοράν
731 3977 784 4064 τήν
805 3977 920 4043 ἀνωθεν
938 3975 1117 4067 ἱσταμένην]
1136 3976 1306 4064 Ἔπάρατον
1331 3979 1357 4041 δ’
1379 3978 1415 4064 ἧν
1438 3976 1541 4042 πλείο-

240 4084 292 4154 νός
314 4106 376 4147 τινα
400 4083 566 4167 μισθῶσαι,
598 4081 646 4147 ἵνα
676 4083 782 4148 ἐκεῖνοι
806 4082 856 4170 μέν
879 4085 1080 4171 κερδαίνοντες
1102 4083 1201 4170 ήδέως
1224 4083 1425 4171 ὑπηρετῶσιν·
1462 4082 1542 4148 οῦτοι

242 4186 276 4252 δὲ
300 4187 340 4272 μή
364 4186 454 4251 πλέον
478 4188 665 4273 ἐπιζητῶσιν.

328 4293 377 4358 Ex
399 4312 468 4377 cap.
493 4294 575 4360 XLI.
596 4331 640 4343 —
662 4333 702 4342 -
725 4294 888 4381 χρημάτων
919 4295 1125 4385 συναχθέντων
1152 4298 1213 4371 τοῖς
1234 4293 1484 4379 Λακεδαιμονίοις
1515 4293 1543 4357 οἱ

244 4399 459 4481 συναγαγόντες
481 4397 602 4485 θανάτῳ
625 4398 901 4485 κατεδικάσθησαν·
932 4399 1100 4489 Ἀλκαμένει
1129 4401 1186 4488 γάρ
1217 4399 1266 4465 καί
1290 4400 1460 4484 Θεοπόμπῳ
1481 4399 1542 4469 τοῖς

244 4503 399 4589 βασιλεῦσι
421 4502 556 4590 χρησμός
579 4505 692 4591 ἐδόθη·
715 4504 744 4570 ‘A
759 4509 981 4594 φιλοχρηματία
994 4509 1131 4596 Σπάρταν
1146 4511 1223 4573 ὀλεῖ·
1248 4520 1273 4566 <
1284 4505 1358 4572 ἀλλο
1373 4504 1407 4570 δὲ
1419 4500 1541 4568 οὖδέν>.

728 4820 1061 4833 —-—-·-—------
