3814 5370
1033 353 1073 416 22

400 524 506 590 omnia
531 523 641 590 munia
664 541 746 605 quae
779 523 867 605 leges
898 541 918 587 a
952 519 1073 588 civibus
1104 521 1313 604 postulabant
1345 521 1482 590 libenter
1516 523 1709 591 subiissent.

401 628 550 697 Vacabat
574 629 674 715 igitur
697 646 774 710 ager
797 632 848 694 sat
871 627 1005 710 amplus,
1029 627 1083 708 qui
1105 633 1215 709 posset
1228 628 1315 694 inter
1333 631 1524 715 peregrinos
1541 627 1711 696 distribui.

403 736 472 801 Hoc
495 735 656 816 singulare
680 736 746 812 sst3
771 732 897 798 accedit
920 731 1018 798 aliud.
1063 731 1203 798 Metoeci
1225 733 1279 815 qui
1301 738 1457 800 vocantur
1480 734 1615 818 Spartae
1638 753 1713 800 non

403 839 542 921 fuerunt,
565 856 668 919 neque
692 837 860 919 quisquam
881 837 1231 919 praetchisamenum
1253 838 1433 922 etHegiam
1447 839 1543 906 Eleos
1567 839 1711 926 (Herod.

403 945 448 1010 lx
472 943 528 1028 33)
559 942 751 1027 peregrinus
775 944 905 1009 civitate
929 943 1066 1010 donatus
1089 949 1140 1010 est
1163 943 1333 1026 Spartana.
1390 944 1546 1023 Quocirca
1567 965 1711 1028 prorsus

403 1051 549 1117 inaudita
572 1055 655 1130 sunt,
679 1068 760 1131 quae
785 1049 931 1131 ‘qnidam'
954 1053 1039 1115 teste
1063 1055 1251 1131 excerptore
1274 1048 1459 1118 narrabant.
1516 1051 1627 1133 Neque
1650 1056 1712 1117 ta-

404 1175 476 1220 men
499 1154 669 1221 lectionem
691 1154 856 1238 vulgatam
879 1171 987 1220 veram
1010 1171 1082 1220 esse
1107 1151 1265 1233 arbitror,
1288 1154 1385 1220 immo
1407 1154 1610 1221 scribendum
1633 1161 1713 1221 est:

398 1255 499 1324 Ἔνιοι
522 1258 548 1321 δ’
572 1256 704 1343 ἔφασαν,
740 1259 784 1322 ὅτι
805 1255 855 1320 καὶ
877 1262 934 1320 τῶν
966 1257 1053 1329 ξένων
1078 1258 1109 1328 δς
1131 1257 1165 1322 tto
1189 1257 1331 1343 ὑπομείνῃ
1362 1257 1470 1344 ταύτην
1492 1259 1544 1344 τὴν
1568 1257 1714 1344 ἄσκησιν,

408 1372 460 1450 τῆς
482 1364 630 1436 πολιτείας
651 1360 727 1426 κατὰ
750 1360 781 1426 τὸ
806 1361 944 1448 βούλημα
972 1365 1024 1424 τοῦ
1046 1361 1224 1448 Λυκούργου
1255 1364 1382 1449 μετεῖχε.
1440 1362 1502 1449 Τῆς
1524 1365 1615 1427 <δ’>
1648 1365 1715 1451 ἀρ-

406 1471 501 1556 χηδεν
526 1468 757 1553 διατεταγμένης
781 1466 884 1552 μοίρας
906 1467 1014 1530 πωλεῖν
1039 1466 1092 1530 οὐκ
1115 1467 1191 1551 ἐξῆν.
1237 1466 1382 1549 Namque
1404 1466 1502 1535 verba
1525 1467 1634 1554 ταύτην
1650 1469 1712 1556 τὴν

408 1575 531 1662 ἄσκησιν
565 1573 736 1642 referenda
769 1577 844 1638 sunt
873 1572 915 1638 ad
945 1591 983 1638 ea
1018 1591 1099 1654 quse
1132 1573 1239 1654 capite
1268 1573 1411 1654 proximo
1436 1578 1546 1641 extant
1568 1575 1621 1660 τὴν
1644 1582 1709 1641 τῶν

408 1681 523 1746 παίδων
547 1680 680 1764 ἀγωγήν.
736 1679 804 1743 Iam
834 1696 910 1744 vero
940 1681 1017 1743 uota
1051 1683 1100 1743 est
1124 1677 1267 1743 condicio
1290 1696 1400 1744 eorum
1422 1679 1476 1761 qui
1499 1679 1630 1764 μόθακες
1653 1683 1708 1748 vel

407 1787 541 1872 μόδωνες
564 1783 714 1870 (ctinfra
727 1805 758 1867 p.
772 1784 827 1866 29)
849 1781 1055 1851 vocabantur.
1101 1781 1277 1849 Audiamus
1299 1783 1467 1849 Aelianum
1490 1785 1579 1852 cuius
1601 1785 1705 1852 verba

406 1893 479 1958 huic
503 1888 740 1958 ‘institutorum’
764 1889 833 1954 loco
856 1887 1016 1954 simillima
1026 1887 1050 1970 ¹)
1084 1887 1300 1952 coniecturam
1321 1905 1427 1952 meam
1449 1906 1545 1969 quarn
1567 1891 1705 1957 maxime

408 1995 548 2079 probant
570 1995 650 2081 (var.
673 1995 748 2060 hist.
761 1993 822 2058 XII
838 1993 910 2076 43):
931 1987 1050 2075 Ὄνομο
1073 1991 1099 2053 δ’
1122 1991 1158 2075 ἦν
1182 1987 1241 2075 ἄρα
1262 1994 1347 2054 τοῦτο
1371 1992 1451 2075 (scil.
1477 1993 1622 2078 μόθακες)
1643 1995 1703 2066 τοῖς

407 2107 464 2165 τῶν
486 2101 619 2186 εὐπόρων
644 2097 777 2179 δούλοις,
815 2097 865 2169 οὓς
888 2097 1103 2180 συνεξέπεμπον
1126 2096 1186 2166 τοῖς
1209 2095 1281 2168 υἱοῖς
1304 2097 1332 2158 oi
1353 2096 1477 2182 πατέρες
1502 2121 1701 2181 συναγωνιου-

409 2206 512 2292 μένους
534 2207 564 2269 ἐν
587 2208 646 2276 τοῖς
669 2202 849 2288 γυμνασίοις.
902 2199 941 2267 ‘O
966 2199 999 2264 δὲ
1021 2203 1221 2287 συγχωρήσας
1251 2205 1337 2264 τοῦτο
1361 2200 1536 2286 Λυκοῦργος
1567 2205 1626 2275 τοῖς
1648 2205 1701 2288 ἐμ-

410 2312 525 2397 μείνασι
546 2317 583 2396 τῇ
606 2316 663 2374 τῶν
686 2308 800 2373 παίδων
824 2309 929 2393 ἀγωγῇ
953 2306 1100 2378 πολιτείας
1124 2306 1306 2389 Λακωνικῆς
1329 2304 1556 2391 μεταλαγχάνει.
1601 2309 1697 2374 Fonte

410 2417 522 2482 eodem
543 2421 679 2496 uterque
701 2430 778 2479 usus
801 2412 928 2478 videtur
951 2431 1033 2478 csse.
1079 2410 1143 2478 Sed
1167 2412 1356 2493 compilator
1378 2412 1691 2494 praeterquamquod

406 2539 460 2586 rcs
482 2522 567 2586 inter
589 2539 624 2585 se
648 2519 860 2586 alienissimus
883 2537 945 2584 uno
969 2517 1082 2599 capite
1106 2517 1363 2600 comprehcndit,
1395 2516 1482 2588 ξένων
1508 2536 1566 2600 pro
1588 2515 1689 2580 δουλων

408 2623 538 2705 scripsit
568 2643 656 2690 mera
684 2624 908 2707 neglegentia,
945 2623 1061 2704 quippe
1093 2621 1147 2702 qui
1176 2621 1368 2703 simulatque
1391 2621 1431 2687 de
1455 2620 1579 2688 civibus
1599 2627 1695 2688 sctum

408 2735 494 2796 esset
518 2727 600 2814 (cap.
624 2729 697 2812 21),
732 2729 771 2794 de
803 2727 983 2811 peregrinis
1006 2724 1105 2792 verba
1127 2724 1197 2792 fieri
1220 2731 1370 2807 oportere
1395 2731 1578 2792 autumaret
1600 2726 1699 2808 prius-

409 2840 502 2917 quam
525 2835 610 2902 servi
633 2838 958 2899 commemorarentur
981 2829 1064 2917 (cap.
1090 2831 1155 2914 23).
1200 2830 1313 2912 ltaque
1335 2828 1399 2894 fida
1422 2829 1482 2895 hoc
1505 2848 1629 2912 quoque
1652 2847 1702 2894 ca-

408 2946 465 3022 put
489 2940 679 3006 destitutum
703 2944 761 3004 est.

496 3043 584 3122 Quae
608 3044 713 3126 capite
736 3047 777 3108 26
802 3047 994 3123 narrantur,
1027 3046 1093 3106 tam
1125 3040 1229 3121 exigui
1260 3044 1334 3105 sunt
1362 3039 1515 3104 momenti
1544 3039 1636 3104 utin
1659 3039 1706 3104 eis

410 3169 473 3217 non
496 3148 722 3214 commoraturi
745 3165 905 3228 essemus,
937 3145 999 3211 nisi
1032 3151 1108 3227 apta
1132 3148 1240 3210 essent
1263 3144 1304 3210 ad
1327 3144 1544 3225 compilatoris
1566 3147 1707 3212 indolem

409 3252 643 3320 illustrandam.
694 3250 777 3316 Vide
800 3269 880 3332 quae
902 3268 965 3316 uuo
989 3249 1094 3330 capite
1118 3248 1334 3314 continentur:
1366 3246 1438 3319 Ταῖς
1461 3249 1564 3334 εὐχαῖς
1585 3275 1707 3337 προστι-

410 3358 502 3423 θέασι
524 3355 556 3422 τὸ
580 3356 748 3420 ἀδικεῖσθαι
771 3354 933 3435 δύνασθαι,
966 3353 1041 3440 εὐχὴ
1074 3354 1100 3416 δ’
1124 3353 1221 3416 αὐτῶν
1254 3355 1367 3417 διδόναι
1398 3351 1434 3417 τοί
1460 3352 1539 3418 καλὰ
1569 3354 1616 3420 ἐπὶ
1647 3357 1709 3428 τοῖς

411 3464 536 3546 ἀγαθοῖς
558 3459 607 3525 καί
630 3461 717 3524 πλέον
742 3460 836 3525 οὐδέν.
895 3461 1009 3526 Altera
1040 3477 1116 3541 pars
1146 3459 1316 3526 manifesto
1339 3466 1463 3544 pugnat
1486 3466 1597 3526 contra
1620 3461 1708 3543 prio-

410 3589 487 3636 rem.
543 3568 603 3633 Illa
626 3572 733 3633 autem
755 3565 886 3632 maioris
917 3572 966 3631 est
988 3563 1072 3644 fidei,
1096 3565 1171 3645 quia
1192 3565 1312 3649 legitur
1336 3565 1434 3630 etiam
1456 3566 1541 3648 apud
1563 3567 1708 3632 Pseudo-

411 3673 570 3755 platonem
602 3670 716 3756 (Alcib.
747 3672 779 3736 H
808 3693 837 3754 p.
875 3677 936 3737 148
960 3672 1015 3752 C):
1046 3668 1155 3734 Τοῦτον
1187 3667 1237 3753 μὲν
1271 3669 1364 3733 τοίνυν
1394 3667 1445 3734 καὶ
1474 3669 1712 3755 Λακεδαιμόνιοι

412 3777 536 3863 ποιητὴν
560 3770 727 3863 (Ὅμηρον)
749 3777 942 3860 ἐζηλωκότες,
967 3773 1024 3838 εἴτε
1045 3773 1094 3837 καὶ
1119 3771 1201 3837 αὐτοὶ
1225 3774 1317 3846 οὕτως
1339 3775 1553 3860 ἐπεοκεμμένοι
1575 3777 1635 3861 ἰδίᾳ
1656 3775 1707 3839 καὶ

411 3883 540 3968 δημοσίηι
562 3881 701 3946 ἑκάστοτε
722 3881 930 3966 παραπλησίαν
955 3879 1045 3966 εὐχὴν
1070 3878 1224 3965 εὔχονται,
1257 3877 1293 3943 τοί
1321 3877 1399 3942 καλοὶ
1428 3878 1475 3944 ἐπί
1497 3882 1556 3952 τοῖς
1579 3881 1706 3965 ἀγαθοῖς

412 3987 479 4061 τοὺς
501 3988 589 4060 θεοὺς
612 3989 727 4052 διδόναι
748 3986 918 4058 κελεύοντες
940 3985 977 4048 αὖ
1001 3985 1098 4071 σφίσιν
1122 3984 1235 4066 αὐτοῖς,
1271 3985 1369 4048 πλεῖον
1400 3987 1427 4048 δ’
1451 3985 1547 4058 οὐδεὶς
1570 3985 1603 4051 ἂν
1628 3987 1709 4050 ἐκεί-

409 4118 467 4158 νων
491 4093 657 4178 εὐξαμένων
682 4090 829 4156 ἀαοόσειε.
887 4090 1049 4158 Habemus
1070 4091 1172 4175 igitur
1193 4091 1245 4156 hic
1276 4109 1400 4172 quoque
1432 4099 1596 4160 auctorem
1628 4115 1707 4162 sane

412 4204 522 4264 nostro
546 4197 784 4264 ‘inst'tutorum'
809 4201 995 4278 excerptore
1019 4196 1209 4282 grauiorem.

498 4304 573 4386 Cap.
598 4308 648 4368 27.
692 4303 828 4368 Veneris
851 4302 1054 4368 simulacrum
1069 4301 1205 4383 Spartae
1229 4301 1374 4366 extitisse
1398 4303 1495 4369 armis
1517 4304 1708 4370 instructam

411 4405 555 4472 referunt
577 4425 649 4473 cum
671 4407 727 4472 alii
748 4411 817 4474 tum
838 4407 1014 4474 Pausanias
1035 4407 1069 4472 in
1098 4406 1264 4472 Laconicis
1287 4405 1349 4490 (III
1373 4412 1423 4488 15,
1449 4413 1498 4475 11.
1523 4408 1562 4475 cl.
1587 4413 1638 4493 23,
1663 4408 1705 4491 1).

484 4647 510 4717 1)
528 4647 623 4718 Neque
640 4655 731 4705 tamen
749 4651 892 4707 Aelianum
911 4668 945 4708 ex
963 4654 1015 4709 hoc
1033 4653 1124 4722 capite
1149 4652 1274 4706 hausisse
1293 4654 1381 4708 ausim
1399 4653 1551 4722 affirmare,
1580 4653 1706 4723 quoniam

412 4737 487 4800 ξένων
505 4753 555 4806 pro
575 4737 672 4793 δουλων
692 4741 825 4810 quomodo
844 4743 948 4798 intrudi
965 4743 1095 4812 potuerit,
1115 4742 1180 4796 mihi
1199 4757 1254 4796 non
1270 4741 1364 4810 liquet.
1400 4742 1521 4811 Uterque
1539 4743 1615 4799 locus
1634 4742 1705 4797 redit

414 4827 450 4897 ad
467 4827 657 4898 Phylarchum.
687 4829 720 4888 cf.
732 4847 758 4902 p.
769 4834 803 4886 30
819 4833 1094 4890 etWilamowitaium
1112 4833 1141 4887 in
1160 4831 1320 4901 ‘Antigonos
1335 4832 1539 4903 vonKarystos’
1558 4850 1585 4904 p.
1596 4835 1655 4902 303,
1666 4833 1707 4886 16.
