3814 5370
864 436 904 498 25

230 611 264 680 in
286 607 539 692 rempublicam
566 607 676 673 inlatis
699 605 800 673 civilis
830 606 979 674 interitus
1003 611 1168 676 auctorem
1191 607 1291 675 fuisse
1314 607 1452 678 affirmat
1474 627 1528 678 ax·

232 724 362 801 cerptor
372 715 405 798 ¹).
449 713 604 780 Permulti
626 716 701 780 sunt
723 711 915 796 scriptores,
938 713 992 796 qui
1014 714 1135 782 oraculi
1156 714 1243 782 illius
1264 717 1459 784 mentionem
1481 716 1528 785 le-

234 829 356 894 cerunt.
401 822 504 887 Locos
528 817 694 885 adnotavit
714 817 997 903 Wyttenbachius,
1032 818 1145 902 quibus
1174 821 1275 888 addas
1298 822 1395 888 schol.
1417 822 1527 904 Eurip.

234 929 331 997 Andr.
356 932 419 992 445
452 943 524 992 cum
557 921 697 990 Zenobio
731 923 855 1007 (1124)
879 923 1064 990 Aristotelis
1093 943 1207 991 nomen
1242 925 1404 993 exhibens.
1465 927 1530 993 Sed

235 1033 408 1119 peculiaris
430 1035 482 1098 est
503 1029 648 1096 doctrina
673 1028 887 1112 excerptoris,
911 1047 975 1111 qua
997 1030 1162 1096 oraculum
1184 1031 1348 1099 Alcameni
1371 1038 1404 1099 et
1426 1033 1530 1098 'Pheo-

235 1157 350 1224 pompo
373 1135 505 1223 regibus
527 1152 716 1217 responsum
747 1152 818 1200 esse
847 1133 1008 1200 docemur.
1065 1135 1133 1202 Hoc
1164 1141 1251 1203 certe
1280 1137 1434 1205 memoria
1464 1138 1532 1224 dig-

234 1265 307 1313 num
332 1249 391 1311 est.

320 1349 465 1430 Denique
488 1346 604 1428 capitis
627 1350 668 1412 42
692 1345 755 1412 etsi
776 1346 809 1411 in
830 1345 923 1412 initio
946 1346 1112 1414 Plutarchi
1143 1346 1251 1415 verbis
1273 1366 1349 1416 usus
1372 1354 1423 1416 est
1445 1368 1529 1416 com-

235 1456 351 1540 pilator
374 1453 445 1540 (vit.
469 1453 543 1535 Lyc.
568 1456 608 1517 aa
632 1449 691 1518 sub
713 1450 781 1535 fin.)
803 1457 980 1535 posteaque
1004 1452 1111 1519 verbis
1143 1452 1219 1517 πάνυ
1246 1453 1361 1541 βραχέα
1382 1453 1445 1520 τινὰ
1469 1457 1530 1528 ζώ-

238 1583 314 1646 πυρα
337 1559 532 1628 διασώζοντες
554 1563 606 1642 τῆς
629 1555 807 1642 Λυκούργου
827 1556 1007 1641 νομοθεσίας
1029 1558 1168 1625 imitatio
1191 1559 1336 1626 Platonis
1368 1557 1421 1645 (da
1443 1562 1531 1647 legg.

235 1667 284 1733 III
306 1671 365 1731 677
389 1664 430 1746 Β)
452 1661 625 1728 manifesta
649 1666 715 1745 est,
754 1667 861 1728 tamen
883 1663 1087 1748 ignoramus,
1120 1664 1204 1730 unde
1226 1666 1351 1747 rehqua
1374 1667 1528 1734 hauserit.

233 1771 353 1839 Verum
378 1768 451 1835 novi
478 1767 643 1833 continent
664 1766 752 1832 nihil.
798 1765 880 1845 Quid
895 1786 971 1833 vero
986 1767 1086 1834 uerba
1101 1769 1215 1836 ultima
1236 1768 1286 1833 καί
1307 1774 1357 1835 νῦν
1382 1769 1532 1836 ὑπὸῬο-

237 1876 333 1962 μαίαις
356 1875 506 1958 ἐγένοντο,
541 1891 622 1955 quae
645 1872 846 1956 Fluegelium
868 1871 1087 1957 adducebant,
1111 1880 1147 1940 nt
1168 1880 1272 1941 totum
1294 1875 1436 1943 libellum
1458 1895 1531 1945 esse

238 1983 393 2065 scriptum
421 1977 528 2063 paullo
560 1982 634 2060 post
668 1977 855 2043 Corinthum
890 1997 910 2043 a
941 1977 1092 2045 Mummio
1126 1979 1264 2046 deletam
1299 1983 1531 2050 contenderet?

237 2088 329 2167 Quod
353 2086 509 2152 sinerum
535 2088 631 2165 esset,
655 2083 762 2168 exigui
786 2087 872 2149 esset
894 2083 1056 2150 momenti.
1101 2083 1183 2150 Nam
1206 2086 1280 2153 inde
1296 2088 1530 2173 colligeremus,

239 2193 361 2259 iontem
384 2190 515 2256 alterum
538 2190 591 2272 qui
614 2207 712 2271 snpra
734 2187 813 2253 mihi
833 2189 862 2253 A
885 2187 1048 2272 audiebat,
1070 2189 1136 2256 illis
1159 2190 1355 2273 temporibus
1369 2211 1441 2259 esse
1458 2213 1532 2260 con·

246 2297 410 2378 scripturn,
444 2295 527 2361 unde
550 2313 619 2360 cum
650 2293 769 2360 ceteris
797 2293 857 2359 hoc
889 2311 1013 2376 qnoque
1046 2296 1245 2362 enuntiatum
1280 2298 1470 2380 compilator
1501 2298 1535 2364 in

243 2421 319 2484 opus
349 2420 436 2467 suum
468 2400 699 2466 transtulisset.
759 2397 823 2464 Sed
853 2417 890 2464 re
919 2418 997 2466 vera
1020 2418 1191 2484 numquam
1214 2400 1366 2484 Spartani
1388 2403 1533 2470 dediticii

238 2507 365 2574 luerunt
387 2508 619 2585 Romanorum,
643 2523 771 2588 semper
793 2523 908 2570 nornen
931 2524 968 2570 ao
993 2506 1132 2588 speciem
1154 2506 1317 2574 libertatis
1339 2506 1533 2575 retinebant.

236 2612 275 2678 ci.
307 2611 492 2696 Hertuberg
526 2611 718 2676 Geschichte
753 2610 1006 2677 Griechenlands
1037 2615 1132 2676 unter
1161 2611 1220 2677 der
1252 2612 1445 2679 Herrschalt
1474 2613 1533 2680 der

234 2720 372 2785 Roemer
393 2719 409 2782 Ι
427 2737 457 2800 p.
482 2721 671 2796 aaa-3083
695 2716 871 2782 Mommsen
893 2715 952 2781 RG
974 2717 1145 2798 1147s483
1168 2718 1198 2783 V
1221 2721 1293 2784 236.
1337 2719 1402 2785 Res
1431 2720 1532 2804 igitur

233 2825 305 2908 ipsa
327 2823 411 2891 falsa
434 2827 494 2889 est.
551 2823 649 2903 Atqui
672 2821 794 2904 aliquid
816 2820 891 2887 inde
914 2827 1023 2905 patet,
1046 2823 1170 2888 scilicet
1192 2841 1285 2889 nemo
1306 2825 1389 2890 hunc
1410 2824 1444 2890 in
1467 2843 1533 2891 mo·

235 2930 308 2996 dum
332 2929 499 3011 disputare
521 2933 670 3010 poterat,
705 2926 781 2992 dum
802 2927 939 2992 Romani
960 2925 1058 2993 rebus
1081 2927 1276 2994 Graecorum
1308 2929 1403 3012 plane
1431 2929 1531 2996 absti-

234 3041 321 3102 nent.
378 3035 493 3116 Itaque
514 3034 595 3100 haec
619 3052 638 3098 a
661 3034 818 3115 scriptore
841 3030 985 3114 quolibet
1015 3033 1137 3115 scripta
1168 3051 1240 3100 esse
1269 3038 1343 3116 post
1364 3035 1534 3100 Flaminini

236 3139 305 3207 iere
326 3146 474 3221 tempora
497 3143 642 3221 apparet.
689 3137 752 3203 Sed
773 3137 807 3202 id
829 3142 940 3202 nostra
963 3138 1042 3203 nihil
1064 3139 1220 3222 interest,
1244 3140 1360 3223 quippe
1384 3141 1437 3222 qui
1459 3141 1534 3206 Plu·

234 3246 348 3312 tarcho
374 3263 445 3311 eum
467 3244 566 3310 fuisse
589 3243 801 3309 recentiorem
823 3243 1066 3309 ostenderimus.
1098 3280 1140 3292 -
1177 3243 1289 3327 Neque
1319 3265 1396 3311 vero
1419 3265 1458 3311 ex
1480 3265 1535 3312 ao·

234 3352 315 3417 risto
337 3357 483 3434 tempore
506 3348 639 3431 ἐγένοντο
662 3354 817 3430 usurpato
841 3354 1055 3431 consequatur
1072 3368 1205 3417 necesse
1228 3356 1294 3434 est,
1329 3355 1365 3416 ut
1388 3352 1533 3419 enuntia·

233 3463 304 3524 tum
325 3456 405 3522 illud
427 3455 598 3539 perpaucis
630 3455 720 3520 annis
753 3460 827 3536 post
848 3455 1004 3521 Achaiam
1033 3455 1231 3537 provinciam
1261 3456 1469 3522 constitutam
1491 3459 1535 3524 sit

236 3562 454 3645 compositum.
512 3562 658 3643 Namque
681 3565 902 3643 excerptorem
924 3561 1030 3642 ipsum
1052 3559 1214 3627 balbutire
1244 3562 1360 3627 mirum
1389 3581 1452 3628 non
1475 3568 1534 3643 est,

237 3687 309 3736 cum
337 3669 371 3733 in
399 3667 578 3734 hominibus
609 3668 677 3734 eius
709 3672 805 3733 notae
827 3667 1031 3750 purissimum
1053 3685 1232 3732 sermonem
1255 3667 1415 3734 Graecum
1438 3687 1535 3751 quae·

234 3793 308 3841 rere
325 3773 575 3856 ¹haudquaquam
597 3792 657 3855 par
679 3773 828 3839 videatur
859 3791 931 3838 esse
965 3771 1019 3856 (cf.
1050 3791 1120 3855 cap.
1144 3778 1164 3838 8
1187 3772 1203 3834 h
1226 3769 1260 3835 δὲ
1283 3771 1323 3858 μὴ
1347 3772 1531 3859 ἐπιπλήττων

236 3881 380 3966 παρόντος
404 3878 493 3942 αὐτοῦ
517 3877 721 3964 ἁμαρτάνοντα
744 3897 813 3960 cap.
837 3883 880 3945 40
903 3877 1079 3962 μισθῶσαι).

323 3985 419 4051 Haud
442 3986 553 4068 procul
576 3984 728 4052 absumus
751 4004 770 4050 a
792 3983 864 4052 fine.
920 3984 1087 4065 Perpauca
1110 3983 1208 4049 etiam
1236 3983 1373 4050 dicenda
1395 3989 1470 4052 sunt
1492 3985 1532 4052 de

238 4091 376 4174 quinque
409 4089 569 4173 capitibus
593 4089 696 4158 adhuc
712 4090 891 4174 neglectis:
930 4087 1000 4175 δ’),
1025 4093 1076 4173 25,
1102 4093 1160 4174 30,
1185 4087 1278 4175 31³),
1303 4093 1353 4156 32.
1412 4088 1534 4169 Quibus

313 4307 338 4377 l)
358 4307 484 4362 Ceterum
502 4322 536 4362 ex
554 4305 648 4362 eodem
667 4305 750 4375 tonte,
769 4322 784 4362 e
803 4323 855 4376 quo
874 4307 923 4362 illa
941 4307 1104 4377 compilator
1121 4307 1230 4378 hausit,
1258 4313 1366 4377 sumpta
1385 4313 1448 4363 sunt
1466 4323 1536 4378 quae

237 4403 333 4452 extant
352 4397 425 4466 apud
444 4397 608 4452 Pausaniam
626 4397 677 4467 (IX
696 4398 814 4467 aa,10):
843 4395 1050 4469 Λακεδαιμονίων
1069 4397 1096 4452 δὲ
1114 4399 1235 4472 χρήματα
1254 4397 1283 4452 οὒ
1301 4398 1454 4468 νομιζόντων
1475 4405 1535 4453 κτᾶ-

238 4486 297 4542 σθαι
313 4489 379 4541 κατὰ
398 4487 429 4560 δή
446 4506 469 4540 τι
480 4489 609 4557 μάντευμα
628 4487 663 4546 a<
682 4489 698 4560 ἡ
718 4487 906 4562 φιλοχρηματία
925 4489 990 4562 μόνη
1010 4491 1103 4561 γίνοιτο
1121 4487 1151 4542 ἂν
1170 4488 1282 4542 ἀπώλεια
1300 4493 1332 4562 τῇ
1346 4485 1458 4562 Σπάρτῃ,
1477 4489 1491 4543 d
1509 4489 1536 4544 dd

237 4575 403 4650 (Λύσανδρος)
422 4578 465 4630 καὶ
483 4578 624 4649 χρημάτων
643 4576 721 4631 πόθον
741 4579 820 4651 σφίσιν
840 4579 979 4650 ἐνεποίησεν
999 4579 1108 4651 ἰσχυρόν.

243 4739 246 4742 ¹
308 4669 337 4736 2)
356 4667 421 4722 llum
439 4667 483 4722 his
502 4665 626 4722 conferas
645 4682 714 4736 quae
725 4667 889 4724 Plutarchus
908 4668 1104 4740 (vit.Lyc.18)
1122 4668 1206 4724 habet
1225 4667 1258 4722 de
1272 4667 1376 4723 amasio
1389 4673 1417 4723 et
1430 4674 1534 4724 amato:

236 4757 384 4811 ἐκοινώνουν
404 4756 423 4810 δ’
445 4757 469 4810 οἱ
487 4757 587 4831 ἐρασταί
605 4765 656 4817 τοῖς
675 4759 757 4812 παισὶν
776 4764 821 4831 τῆς
840 4757 913 4831 δόξης
931 4758 968 4812 ἐπ’
989 4757 1128 4832 ἀμφότερα.

245 4844 248 4850 ’
309 4848 338 4919 3)
355 4847 415 4902 Hoc
442 4853 524 4916 caput
550 4846 574 4902 si
599 4861 633 4902 ex
652 4847 753 4904 Sosibii
780 4848 841 4906 loco
860 4848 895 4904 ab
912 4849 1054 4904 Athenaeo
1074 4847 1125 4904 XV
1143 4850 1196 4904 674
1215 4849 1237 4902 Β
1254 4853 1362 4904 servato
1384 4847 1537 4904 mananseo

239 4937 387 5008 putaveris,
406 4953 460 4994 nou
478 4935 648 5008 refragator.
