3814 5370
854 400 893 460 29

218 573 313 659 κεῖρις
336 570 425 658 ciris)
448 569 558 656 ὁμοίως
582 567 615 636 δέ
637 570 754 655 λέγεται
775 565 856 655 παρολ
887 565 1040 641 Λάκωνες.

219 677 366 765 Κυπρίοις
388 675 491 764 Κίρρις
513 675 671 758 ὁἌδωνις,
694 673 856 763 captitul-

219 809 298 849 κωσι
321 782 354 848 δέ
377 785 392 847 ὁ
419 782 535 871 λύχνος.
870 781 872 864 l

309 891 415 970 Ratio,
440 908 536 972 quam
557 894 693 971 uterque
715 886 945 974 grammaticus
966 885 999 950 in
1023 886 1218 969 explicandis
1241 889 1291 954 his
1314 891 1415 958 ternis
1430 893 1517 978 glos-

225 997 267 1064 sis
291 995 454 1079 sequitur,
490 995 558 1061 lere
581 995 696 1061 eadem
719 997 778 1060 est.
832 992 895 1057 lium
908 992 976 1056 Mum
1000 992 1127 1074 quidem
1149 993 1240 1076 plura
1262 994 1370 1077 habet,
1401 999 1520 1067 utrius-

226 1121 288 1184 que
311 1119 387 1167 vero
411 1100 640 1182 explicationes
664 1099 726 1165 etsi
747 1099 779 1163 in
802 1097 901 1163 ramis
925 1095 1118 1163 distantibus
1142 1117 1181 1164 ex
1203 1100 1314 1165 eadem
1338 1109 1445 1170 tamen
1466 1124 1519 1171 ra-

224 1208 296 1273 dice
322 1190 417 1272 natas
440 1224 512 1272 csse
534 1204 739 1271 manifestum
762 1207 822 1270 cst.
880 1202 992 1284 Neque
1018 1207 1127 1268 tamen
1149 1204 1242 1270 radix
1265 1212 1314 1273 cst
1337 1227 1393 1289 ea,
1424 1229 1520 1292 quam

225 1313 380 1397 detegere
404 1312 578 1393 cupiamus.
623 1311 753 1376 Etenim
775 1327 967 1391 quamquam
989 1314 1118 1392 gratum
1141 1316 1191 1375 est
1213 1311 1337 1379 discere
1354 1334 1392 1380 ex
1406 1315 1448 1380 Εο
1461 1317 1519 1399 M0,

224 1437 287 1500 quo
310 1435 335 1482 s.
348 1438 378 1482 v.
400 1415 475 1501 κίρις
497 1435 610 1482 nomen
633 1416 741 1501 gentis
763 1415 806 1481 sit
828 1414 1041 1497 referendum,
1065 1419 1173 1481 tamen
1196 1416 1357 1485 lucernam
1381 1422 1518 1489 aLaco-

222 1522 318 1588 nibus
340 1521 413 1607 κίρις
436 1540 507 1588 esse
528 1526 693 1604 vocatam,
725 1520 872 1602 crepidas
893 1538 968 1585 vero
992 1519 1117 1605 ἁρπίδας
1138 1541 1288 1607 magnum
1310 1527 1458 1596 intererit
1480 1531 1520 1596 11.

223 1629 303 1708 lius,
335 1627 389 1710 qui
411 1627 541 1712 linguae
564 1628 743 1693 Laconicae
764 1626 955 1708 proprietati
978 1626 1103 1710 studet,
1136 1629 1216 1693 nihil
1247 1637 1354 1698 autem
1377 1633 1455 1700 lacit
1478 1637 1520 1702 ad

222 1752 278 1800 res
299 1734 388 1814 ipsas
413 1733 653 1815 Spartanorum.
710 1733 799 1809 Quae
828 1749 904 1797 vero
931 1731 1000 1797 sola
1031 1732 1093 1798 huc
1121 1735 1263 1814 pertinet
1286 1738 1395 1822 glossa
1417 1741 1519 1824 primo

223 1838 292 1906 loco
317 1839 475 1922 adposita,
498 1839 622 1921 plenior
644 1839 675 1903 in
698 1836 860 1919 Hesychia
882 1836 1012 1920 legitur,
1034 1843 1071 1903 ut
1091 1836 1229 1906 libenter
1251 1842 1285 1906 in
1309 1845 1370 1910 hac
1394 1863 1517 1929 qnoque

223 1945 320 2009 E⁰M⁰
344 1962 520 2010 careamus.

309 2051 353 2114 At
375 2053 486 2115 extant
509 2054 543 2114 et
564 2047 597 2113 in
619 2046 778 2128 Hesychio
802 2051 834 2112 et
856 2047 889 2111 in
910 2046 1011 2112 E⁰M⁰
1033 2049 1176 2134 glossae,
1210 2071 1342 2134 quarum
1366 2056 1519 2126 lemmata
1635 2096 1637 2100 ·

229 2153 353 2235 quidem
378 2155 493 2220 eadem
515 2157 605 2236 sunt,
640 2151 869 2234 explicationes
890 2172 966 2218 vero
988 2155 1162 2235 paullulum
1190 2157 1277 2225 inter
1298 2179 1333 2226 se
1357 2163 1517 2232 differunt.

237 2258 320 2335 Quae
340 2259 379 2325 ab
401 2260 476 2342 illis,
500 2258 540 2324 de
564 2256 678 2340 quibus
700 2257 794 2323 modo
818 2257 971 2341 diximus,
1006 2278 1078 2325 eam
1100 2259 1140 2326 ob
1163 2280 1294 2330 causam
1316 2273 1390 2334 sunt
1413 2270 1517 2337 seiun-

236 2365 362 2448 gendac,
386 2366 461 2447 quia
483 2382 536 2430 res
558 2365 610 2429 vel
631 2381 735 2446 voces,
759 2381 841 2444 qnae
862 2365 1060 2445 explicantur
1077 2372 1133 2432 aut
1145 2376 1328 2452 narrantur,
1352 2374 1424 2441 aliis
1441 2395 1517 2458 quo-

230 2487 288 2550 qne
308 2475 451 2536 veterum
473 2470 666 2551 scriptorum
687 2469 766 2534 locis
789 2469 962 2551 praecipue
983 2470 1016 2534 in
1034 2476 1279 2556 commentariis,
1303 2496 1381 2559 quos
1397 2481 1518 2550 scholia

224 2580 347 2658 vocant,
370 2574 583 2641 inveniuntur.
627 2574 741 2655 ltaque
765 2575 926 2656 complura
941 2593 1063 2659 genera
1076 2577 1190 2643 harum
1207 2581 1388 2664 glossarum
1403 2586 1516 2654 distin-

222 2685 359 2764 guentes
381 2681 518 2763 primum
539 2676 639 2746 verba
659 2678 813 2745 faciemus
838 2679 878 2744 de
900 2679 1015 2762 glossis
1044 2681 1077 2746 in
1099 2682 1260 2766 Hesychio
1290 2693 1387 2771 atque
1415 2692 1457 2756 E⁰
1470 2693 1517 2758 M⁰

222 2786 372 2864 servatis,
396 2804 475 2869 quas
499 2785 628 2851 easdem
650 2784 683 2848 in
706 2784 835 2850 scholiis
858 2785 900 2850 ad
922 2786 1169 2869 Aristophanem
1190 2792 1319 2874 scriptis
1347 2797 1494 2882 legimus.

310 2892 391 2958 Sunt
412 2897 498 2971 tres,
533 2908 667 2973 quarum
689 2889 792 2972 prima
831 2909 901 2956 cum
935 2891 1032 2957 ctiam
1056 2892 1096 2958 ab
1127 2895 1199 2960 aliis
1229 2900 1338 2966 multis
1368 2903 1518 2972 tradatur

218 2998 305 3064 unde
327 2995 454 3062 fluxerit
492 3001 643 3063 accurata
677 2994 800 3078 indiget
823 2995 1055 3077 disquisitione.
1107 2999 1176 3065 Iam
1197 3021 1274 3069 xero
1296 3023 1377 3087 quae
1401 3008 1516 3078 Suidas

218 3123 245 3169 s.
269 3123 297 3169 ν.
323 3102 451 3187 μόθων
481 3107 514 3167 et
545 3101 725 3185 μόθωνες
746 3097 862 3184 habet,
897 3119 969 3167 cum
995 3121 1034 3168 ex
1061 3104 1191 3172 scholiis
1213 3108 1246 3174 in
1268 3112 1517 3195 Aristophanem

216 3209 338 3274 hausta
360 3225 432 3273 esse
453 3209 539 3272 inter
560 3207 705 3271 homines
727 3206 838 3272 doctos
869 3212 1013 3291 constet,
1046 3208 1180 3277 Photius
1202 3232 1326 3297 quoque
1349 3223 1382 3283 et
1403 3219 1517 3287 Pollux

217 3314 279 3398 (IV
304 3313 378 3396 101)
414 3313 525 3394 procul
547 3309 640 3377 nobis
670 3316 779 3394 sunto,
814 3313 1069 3395 quandoquidem
1099 3315 1194 3402 longe
1226 3318 1391 3389 uberiores
1421 3326 1516 3394 huius

218 3417 369 3485 vocabuli
391 3418 612 3484 enarrationes
634 3417 665 3481 in
689 3415 780 3482 libris
802 3417 944 3483 melioris
975 3426 1071 3486 notae
1101 3421 1265 3491 habemus.
1318 3427 1367 3493 Ex
1389 3429 1515 3514 Harpo-

219 3524 374 3591 crationis
403 3529 511 3590 autem
540 3523 641 3588 lexico
675 3523 817 3606 glossam
840 3523 942 3607 μόθων
966 3544 1039 3592 csse
1062 3528 1297 3616 expellendam,
1334 3537 1515 3605 rectissimo

218 3629 471 3696 Valckenaerius
492 3628 660 3694 intellexit.
718 3628 832 3709 Sprnia
862 3629 946 3695 enim
974 3638 1026 3697 est
1055 3637 1150 3714 atque
1180 3654 1198 3700 c
1232 3642 1459 3708 commentario
1481 3644 1515 3709 in

219 3734 445 3817 Aristophanis
467 3734 552 3799 Plut.
574 3754 602 3799 ν.
628 3738 689 3799 279
721 3733 840 3815 scripto
871 3736 1039 3802 translata.
1098 3738 1180 3805 Vide
1211 3761 1292 3824 quae
1326 3753 1438 3812 narrat
1472 3749 1515 3815 ad

218 3839 315 3906 fidem
338 3840 457 3906 codicis
480 3840 598 3906 Veneti
619 3840 811 3906 scholiasta:
844 3840 988 3924 μόθων·
1012 3843 1145 3926 λέγουσιν
1169 3842 1340 3931 Ἀθηναίους
1362 3874 1514 3937 χειρωσα-

223 3945 327 4031 μένους
350 3943 417 4018 τοὺς
441 3943 594 4017 Μόθωνας
616 3952 790 4030 περιστῆσαι
812 3945 907 4033 τύχιρ,
932 3949 1001 4012 ὅθεν
1024 3947 1074 4013 καὶ
1097 3947 1215 4016 Ἀττικοὶ
1232 3955 1375 4037 μόθωνες.
1408 3961 1428 4042 ἢ
1455 3957 1513 4023 ἀπὸ

224 4049 374 4124 Modoura
407 4074 483 4122 τινος
517 4052 776 4136 αἰσχροποιοῦντος
799 4049 848 4116 καὶ
872 4051 918 4117 ἀεὶ
941 4055 971 4118 ἐν
994 4057 1053 4128 τοῖς
1076 4057 1176 4130 πότοις
1204 4059 1395 4145 ὀρχουμένου.
1439 4063 1514 4141 τινές

224 4154 259 4220 δὲ
282 4157 406 4240 μόθωνα
428 4154 505 4228 εἶδος
528 4153 603 4219 εἶναι
624 4156 759 4240 λέγουσιν
781 4159 906 4245 αἰσχρᾶς
928 4157 977 4223 καὶ
1002 4162 1220 4248 δουλοπρεποιῖς
1243 4166 1408 4252 ὀρχήσεως.
1439 4171 1467 4234 οἱ
1481 4170 1514 4234 δέ

224 4259 370 4334 Λάκωνες
392 4260 459 4334 τοὺς
480 4262 760 4348 παρατρεφομένους
792 4265 852 4336 τοῖς
881 4266 1050 4352 ἐλευθέροις
1072 4269 1179 4341 παῖδας
1203 4270 1342 4354 μόθωνας
1363 4277 1512 4340 καλοῦσιν.

214 4366 344 4440 Ἄλλως·
377 4368 525 4453 μύθων’
557 4365 688 4454 φλυαρὸς
711 4367 849 4454 φορτικὸς
871 4367 974 4455 ἄτιμος
996 4369 1127 4461 οιίσχρός.
1163 4379 1195 4460 (ἢ
1219 4373 1280 4441 ἀντὶ
1302 4382 1354 4441 τοῦ
1378 4380 1512 4466 ἀνόητος.

222 4470 308 4537 ἄλλοι
331 4471 507 4557 δέλέγουσι
535 4475 760 4559 δουλοπρεπεῖς,
796 4479 1016 4561 σπερμολόγους
1038 4482 1160 4547 addunt
1182 4482 1273 4549 codd.
1298 4483 1415 4568 deter.)
1449 4487 1513 4555 Ve-

220 4597 292 4644 rum
315 4579 449 4645 eandem
471 4579 558 4644 vocis
581 4579 826 4661 explicationem
848 4582 941 4648 valde
963 4584 1092 4666 quidem
1110 4587 1311 4654 decurtatam
1327 4595 1424 4673 atque
1440 4611 1513 4659 con·

221 4688 360 4751 tractam
382 4686 414 4751 in
437 4684 589 4767 Hesychii
611 4685 711 4751 lexico
729 4686 922 4755 invenimus:
947 4690 993 4774 μό
1000 4690 1101 4754 λων·
1125 4689 1203 4764 εἶδός
1218 4717 1245 4756 τι
1260 4694 1432 4780 ὀρχήσεως·
1457 4699 1513 4784 μό-

223 4791 326 4862 θωνας
348 4789 415 4863 τοὺς
437 4790 726 4876 παρατρεφομένους,
750 4790 817 4865 τοὺς
839 4795 1016 4879 λεγομένους
1037 4797 1209 4870 παιδίσκους
1232 4797 1398 4890 Adiutores}
1430 4805 1457 4868 oi
1480 4803 1514 4870 δέ

222 4891 289 4968 τοὺς
312 4897 520 4983 δουλοπρεπεῖς
554 4893 604 4959 καὶ
638 4899 876 4982 σπερμολόγους,
911 4920 1013 4984 neque
1036 4908 1145 4972 lamen
1166 4904 1241 4971 inde
1270 4909 1450 4978 manavisse
1473 4931 1513 4986 ea
