3814 5370
919 381 957 440 51

280 541 331 608 καί
355 547 484 632 σφαῖραν
507 549 527 631 ἢ
552 543 625 610 ἄλλο
649 570 675 610 τι
698 545 865 632 ἐρρίπτουν,
899 548 976 610 ὥστε
998 545 1045 610 τὸν
1069 551 1184 633 πρῶτον
1209 547 1383 634 ἁρπάσαντα
1403 554 1495 614 νικᾶν.
1539 549 1588 614 καί

281 649 374 722 πολὺς
397 651 497 724 αὐτοῖς
521 649 605 724 οὗτος
628 654 644 714 b
667 652 758 734 ἀγών.
803 651 956 718 Dubitari
978 653 1090 734 nequit
1113 654 1188 735 quin
1210 654 1270 720 hoc
1294 655 1437 722 scholion
1453 656 1588 722 candem

280 755 404 822 habeat
425 757 580 839 originem
603 762 700 838 atque
722 755 822 821 verba
844 756 998 839 Hesychii
1020 776 1058 822 eo
1082 757 1179 842 longe
1202 757 1382 828 deteriora:
1415 759 1587 845 Γυμνοπαι-

284 861 352 924 ὃία·
374 860 446 925 ἔνιοι
468 859 519 946 μὲν
544 861 647 946 ἑορτήν
672 884 747 946 φασι
769 859 1002 946 Σπαρτιατικὴν,
1037 862 1066 925 ἐν
1097 853 1207 948 ᾖτοὺς
1229 865 1360 954 ἐφήβους
1381 864 1482 953 κύκλῳ
1504 891 1589 953 περι-

281 965 344 1030 θεῖν
367 963 417 1030 τὸν
443 966 473 1028 ἐν
496 963 663 1050 Ἀμυκλαίῳ
688 960 789 1050 βωμὸν
813 962 972 1036 τύπτοντας
995 965 1134 1050 ἀλλήλοιν
1160 965 1197 1030 τοί
1211 973 1291 1032 νῶτα
1303 971 1338 1052 1).
1384 970 1505 1038 Scholii
1526 973 1588 1057 igi·

281 1077 336 1138 tur
358 1071 482 1137 fontem
504 1072 532 1136 si
555 1071 787 1150 invenerimus
818 1069 888 1135 fieri
910 1077 1029 1155 potest,
1052 1078 1089 1137 ut
1111 1071 1282 1139 arbitrium
1305 1095 1440 1160 agamus
1462 1077 1529 1143 litis
1551 1078 1590 1142 il-

282 1178 345 1242 lius
369 1196 452 1258 quae
475 1177 508 1241 in
529 1176 690 1259 Hesycbio
713 1182 887 1257 comparet.
944 1176 1027 1242 Nam
1050 1197 1121 1242 cum
1144 1179 1324 1260 opinionem
1348 1181 1490 1262 aliquam
1513 1182 1587 1248 doc-

281 1283 370 1347 trina
394 1281 563 1347 Sosibiana
585 1280 778 1366 redarguat,
815 1281 891 1362 quid
914 1299 1024 1347 verum
1047 1283 1090 1348 sit
1121 1289 1188 1348 tum
1221 1284 1348 1350 demum
1379 1288 1587 1367 pronuntiare

283 1386 378 1469 licet,
414 1405 484 1452 cum
508 1391 635 1452 constat
659 1386 699 1450 de
722 1386 849 1450 nomine
872 1405 910 1450 ac
941 1384 1004 1450 fide
1036 1387 1105 1453 eius
1135 1388 1189 1468 qui
1220 1389 1310 1454 illam
1338 1389 1504 1471 professus
1533 1392 1586 1456 sit.

284 1491 404 1556 Scholii
428 1496 536 1557 autem
548 1490 707 1556 Platonici
729 1495 895 1556 auctorem
917 1491 1004 1556 haud
1027 1492 1093 1557 scio
1118 1512 1159 1557 an
1181 1493 1246 1558 iam
1261 1495 1452 1560 noverimus.
1489 1495 1587 1560 Nam·

285 1615 347 1678 que
383 1597 424 1662 ad
454 1595 530 1660 libri
564 1594 605 1661 de
635 1596 698 1680 leg.
722 1595 738 1660 Ι
766 1595 919 1680 paginam
943 1601 1006 1661 633
1040 1601 1150 1662 extant
1181 1602 1334 1679 quattuor
1366 1601 1587 1666 enarrationes

282 1701 407 1767 uberae
439 1719 561 1766 morum
591 1700 839 1774 Laconicorum,
873 1720 1009 1782 quarum
1036 1703 1141 1783 prima
1172 1703 1315 1768 convivia
1345 1703 1587 1787 Spartanorum,

282 1805 429 1872 secunda
465 1803 707 1872 verberationes
744 1824 915 1886 puerorum
939 1804 994 1889 (cf.
1017 1826 1048 1888 p.
1072 1807 1138 1890 24),
1182 1808 1283 1872 tertia
1323 1811 1587 1892 gymnopaediae,

283 1916 453 1992 postrema
474 1908 617 1996 κρυπτεία
639 1928 721 1992 quae
745 1909 862 1974 dicitur
893 1908 1130 1976 describuntur.
1175 1911 1335 1978 Nonnulla
1365 1931 1475 1980 eorum
1505 1933 1588 1995 quae

283 2017 334 2084 his
358 2015 488 2082 scholiis
512 2016 673 2098 docemur,
697 2014 753 2079 alii
776 2015 951 2096 scriptores
973 2034 1037 2080 non
1058 2016 1210 2096 tradunt,
1234 2036 1337 2099 neque
1360 2025 1469 2084 tamen
1495 2019 1587 2100 quid·

282 2141 382 2204 quam
404 2123 437 2186 in
460 2121 507 2187 eis
528 2121 576 2186 ita
599 2125 650 2185 est
673 2125 903 2202 comparatum,
927 2126 963 2186 ut
984 2119 1080 2185 fidem
1105 2121 1135 2186 ei
1157 2122 1268 2204 utique
1292 2123 1440 2208 deroges.
1484 2126 1585 2189 Acce-

284 2227 333 2293 dit
355 2226 440 2308 quod
462 2226 517 2292 uni
539 2225 684 2290 Platonis
704 2225 845 2309 paginae
868 2230 942 2290 sunt
966 2226 1149 2309 adscripta,
1186 2231 1223 2291 ut
1250 2246 1354 2309 paene
1387 2247 1449 2293 uno
1471 2233 1587 2294 tenore

282 2333 443 2416 legantur.
486 2332 601 2412 Itaque
624 2329 728 2412 quivis
749 2328 860 2394 iudicii
882 2348 944 2395 non
960 2331 1190 2412 praeoccupati
1204 2332 1282 2396 mihi
1297 2333 1440 2416 plaudet,
1464 2334 1587 2415 opinor,

214 2435 219 2446 '
279 2436 460 2504 affirmanti
494 2437 576 2502 haec
607 2439 760 2517 quattuor
788 2434 910 2500 scholia
943 2439 1013 2499 tota
1036 2453 1075 2500 ex
1097 2454 1160 2501 uno
1183 2436 1341 2518 scriptore
1363 2441 1493 2518 sumpta
1515 2456 1587 2504 esse

283 2543 325 2610 ab
350 2562 387 2609 eo
412 2542 467 2624 qui
489 2540 636 2606 Platonis
658 2537 766 2606 verbis
790 2558 830 2604 ea
852 2540 981 2606 adiecit.
1036 2540 1106 2606 Iam
1126 2560 1204 2607 vero
1229 2561 1299 2608 cum
1326 2542 1360 2606 in
1388 2543 1497 2624 priore
1520 2543 1586 2608 dis-

283 2647 470 2714 sertationis
492 2650 586 2728 parte
609 2644 897 2709 demonstraverim
919 2644 963 2728 (p.
983 2649 1021 2709 13
1034 2645 1118 2728 sqq.)
1143 2644 1302 2711 Sosibium
1326 2664 1398 2712 csse
1421 2650 1587 2712 auctorem

283 2753 479 2819 narrationis
501 2750 573 2816 voci
595 2747 726 2819 ξυσσίτια
749 2747 932 2831 adpositae,
956 2748 998 2814 ad
1022 2749 1159 2814 eundem
1181 2751 1288 2816 redire
1311 2750 1437 2832 reliqua
1460 2770 1586 2832 quoque

282 2859 349 2925 tria
371 2857 493 2924 scholia
515 2859 660 2937 apparet.
715 2853 799 2931 Quid
821 2855 946 2938 igitur?
1002 2854 1111 2920 Etiam
1132 2855 1234 2936 priori
1256 2856 1343 2936 parti
1365 2856 1494 2940 glossae
1518 2857 1585 2923 He-

283 2965 455 3048 sychianac
478 2959 596 3027 Sosibii
618 2978 734 3025 nomen
757 2963 808 3024 cst
831 2956 1105 3025 subscribendum.
1152 2962 1198 3025 Ac
1215 2961 1293 3026 licet
1305 2961 1474 3026 ridiculum
1490 2968 1585 3043 putes

282 3071 316 3134 in
339 3070 448 3152 glossa
469 3065 622 3149 Hesychii
646 3063 806 3132 Sosibium
829 3064 948 3130 erroris
972 3065 1116 3130 convinci
1139 3083 1198 3130 sua
1219 3065 1320 3147 ipsius
1344 3066 1510 3149 doctrina,
1534 3071 1584 3132 ta·

283 3193 357 3240 men
379 3179 430 3239 est
451 3173 508 3237 ita.
552 3169 698 3251 Namque
719 3175 756 3236 ut
779 3188 818 3234 ea
840 3188 922 3251 quae
944 3170 1038 3234 modo
1062 3170 1194 3250 exposui
1217 3188 1312 3251 quam
1330 3171 1498 3236 verissima
1514 3190 1585 3237 esse

284 3278 442 3358 arbitror,
473 3277 521 3342 ita
542 3293 674 3359 prorsus
703 3275 904 3356 exploratum
935 3279 986 3340 est
1005 3310 1049 3322 —
1070 3274 1134 3340 nisi
1154 3273 1238 3340 forte
1262 3275 1464 3342 Athenaeum
1485 3275 1586 3341 falsa-

284 3387 368 3452 rium
389 3381 618 3466 nequissimum
643 3380 808 3446 existimas
831 3378 950 3445 Sosibii
972 3377 1071 3445 verba
1094 3379 1356 3461 suppeditantem
1370 3381 1530 3463 (livore)
1543 3419 1586 3430 -

283 3489 585 3575 lexicographorum
607 3485 853 3566 explicationem
875 3486 962 3550 vocis
988 3483 1193 3569 suprascrita
1225 3503 1265 3549 ex
1286 3484 1346 3550 hoc
1368 3486 1438 3568 ipso
1469 3484 1587 3552 Sosibii

283 3599 353 3664 loco
376 3597 528 3662 haustam
552 3609 633 3658 esse.
666 3589 751 3656 Ecce
773 3590 863 3655 iuxta
885 3590 1027 3674 glossam
1049 3595 1085 3656 ut
1101 3609 1162 3672 par
1177 3595 1248 3655 erat
1261 3590 1446 3656 restitutam
1469 3589 1587 3656 Sosibii

283 3701 501 3787 fragmentum
522 3715 655 3779 ponam:

532 3802 684 3886 lexicogr.
1122 3800 1239 3866 Athen.
1261 3799 1321 3866 XV
1345 3804 1417 3866 678.

333 3906 626 3992 Γυρνοιταιδία·
650 3906 680 3970 ἐν
703 3904 825 3990 Σποίρτρ
848 3901 924 3968 κατὰ
999 3903 1255 3990 Θυρεατικοί·
1307 3903 1385 3968 οὕτω
1425 3906 1585 3968 καλοῦνται

359 4136 386 4206 1)
404 4135 470 4190 Noli
489 4133 612 4201 cogitare
630 4132 698 4186 haec
716 4147 776 4186 esse
795 4131 829 4186 de
848 4130 1037 4200 diamastigosi
1063 4147 1133 4200 qnae
1155 4137 1269 4186 vocatur
1296 4131 1489 4200 intellegenda.
1537 4133 1581 4188 Ea

283 4227 356 4282 enim
374 4224 405 4278 fit
423 4225 452 4278 in
470 4221 565 4278 laudes
583 4221 689 4276 Dianae
700 4220 823 4288 Orthiae,
842 4235 929 4288 neque
948 4223 1050 4275 circum
1066 4237 1143 4275 aram
1162 4221 1281 4290 aliquam
1299 4237 1395 4276 cursus
1415 4221 1582 4290 epheborum

283 4315 447 4370 instituitur.
497 4311 600 4366 Contra
619 4326 723 4365 summa
742 4318 769 4364 et
787 4310 977 4379 Hesychianae
996 4312 1164 4366 narrationis
1183 4317 1211 4365 et
1236 4311 1334 4366 scholii
1362 4311 1452 4378 partis
1479 4312 1582 4379 prioris

283 4405 423 4474 positam
442 4418 473 4457 eo
493 4409 543 4471 est,
561 4400 634 4471 qnod
651 4400 731 4468 pueri
750 4415 810 4454 sese
829 4399 883 4466 ipsi
898 4399 1056 4455 verberibus
1070 4399 1204 4468 affligunt.
1241 4400 1409 4476 Quamquam
1429 4416 1446 4454 a
1465 4402 1580 4469 scripto-

284 4495 360 4550 ribus
380 4493 516 4562 sequioris
534 4491 635 4546 aetatis
653 4490 698 4543 hic
716 4491 786 4544 ritus
806 4505 866 4542 cum
888 4487 1077 4557 diamastigosi
1105 4491 1155 4544 illa
1178 4489 1306 4545 contusus
1334 4475 1394 4545 esse
1420 4489 1528 4545 videtur
1546 4490 1582 4544 ci.

282 4583 444 4639 Philostrat.
463 4582 510 4636 vit.
530 4581 623 4649 Apoll.
642 4579 680 4634 Vl
698 4583 732 4633 20
751 4595 791 4646 sq.
810 4586 838 4632 et
857 4577 966 4635 Nicolai
983 4578 1061 4632 Dam.
1081 4579 1176 4647 parad.
1196 4579 1211 4648 ξ
1232 4583 1280 4634 11:
1305 4579 1329 4632 cl
1355 4579 1381 4633 δὲ
1406 4579 1492 4640 παῖδες
1510 4581 1581 4650 νομί-

284 4693 340 4742 μως
357 4673 412 4746 περί
429 4692 483 4726 τινα
503 4670 591 4743 βωμὸν
610 4669 744 4742 περιιόντες
763 4672 954 4740 μαστιγοῦνται,
983 4668 1031 4727 ἕως
1050 4668 1079 4722 ἂν
1108 4669 1186 4740 ὀλίγοι
1210 4666 1352 4740 λειφθέντες
1377 4668 1581 4742 οτεφανωθῶσιν,

282 4777 353 4830 quae
370 4763 454 4818 verba
472 4762 620 4817 Tricberus
641 4761 760 4831 (quaest.
777 4759 843 4814 Lac.
863 4775 889 4828 p.
904 4761 950 4828 26]
971 4773 1057 4827 aequo
1077 4759 1203 4814 acerbius
1222 4759 1369 4828 castigavit
1381 4760 1513 4828 neglectis
1526 4759 1581 4816 He·

285 4851 379 4922 sychio
399 4860 426 4906 et
445 4852 593 4908 scholiasta
612 4850 745 4908 Platonis.

1246 4939 1291 5003 4*
