3814 5370
1014 318 1035 384 4

379 485 503 573 ἀγωγῆς
526 485 619 574 μηδὲν
639 487 761 575 αἰσχράν
779 487 940 573 προστάξαι
955 489 1016 561 τοῖς
1050 487 1161 552 τάττειν
1184 489 1244 559 τοῖς
1265 483 1358 550 παισί.

377 593 498 665 τέκνοις.

386 771 389 778 ,
463 698 587 764 Eodem
611 699 679 766 iure
701 699 923 782 Xenophontis
946 699 1018 782 (ΙΙΙ,
1045 703 1063 764 3
1086 697 1141 780 Vl,
1165 701 1194 775 3,
1218 699 1252 780 4)
1287 695 1468 762 doctrinam
1499 712 1569 760 cum
1593 693 1682 778 Wyt-

379 801 551 868 tenbachio
574 804 779 889 agnoscimus
802 806 834 870 in
858 808 1080 884 excerptorum
1103 801 1264 884 capitibus
1288 806 1327 866 21
1355 807 1389 866 et
1411 805 1471 883 23,
1509 818 1592 881 quae
1614 798 1683 865 lon-

378 908 470 992 giora
493 914 578 990 sunt,
602 927 696 990 quam
719 927 802 990 quae
825 908 1042 974 excribantur.
1088 907 1209 973 Contra
1232 924 1272 972 ea
1295 924 1376 988 quae
1397 906 1549 990 leguntur
1571 904 1604 968 in
1627 921 1681 970 ca-

376 1012 445 1094 pite
469 1016 525 1094 24,
557 1031 616 1093 per
638 1013 830 1093 scriptorem
853 1018 1038 1094 excerptum
1060 1030 1123 1076 non
1147 1011 1188 1076 ad
1210 1010 1454 1090 Xenophontem
1478 1008 1547 1092 (XI,
1572 1009 1605 1090 3)
1628 1026 1680 1073 re-

378 1117 448 1181 dire
471 1116 528 1182 sed
551 1117 712 1198 exipsius
735 1118 922 1184 Aristotelis
944 1136 981 1184 re
1003 1115 1133 1199 publica
1144 1114 1475 1181 Lacedaemoniorum
1488 1113 1594 1194 petita
1611 1130 1684 1178 esse

377 1220 464 1286 haud
488 1220 583 1286 dubie
606 1221 758 1288 docemur
780 1222 901 1286 scholio
926 1223 966 1287 ari
989 1222 1087 1285 Arist.
1112 1221 1190 1285 Aah.
1215 1239 1242 1284 ν.
1268 1224 1331 1285 320
1362 1218 1582 1304 fragmentum
1612 1216 1684 1282 Ari-

379 1325 563 1392 stotelicum
592 1324 781 1404 exhibente,
817 1345 954 1408 quocum
983 1326 1100 1390 mirum
1131 1329 1285 1405 quantum
1315 1322 1414 1389 verba
1443 1322 1538 1388 huius
1571 1321 1687 1404 capitis

380 1429 559 1494 concinunt.
618 1428 657 1494 cf.
681 1429 753 1494 Val.
777 1431 880 1513 Rose,
912 1430 1106 1495 Aristoteles
1130 1429 1242 1510 pseud.
1265 1447 1296 1510 p.
1321 1432 1395 1510 493,
1419 1426 1473 1508 qui
1494 1426 1621 1492 Aeliani
1644 1425 1686 1507 (ν.

379 1533 411 1610 h.
435 1532 489 1614 Vl,
514 1534 546 1617 6)
570 1531 669 1598 verba
691 1532 833 1598 indidem
857 1533 1034 1600 derivanda
1056 1533 1174 1600 attulit.
1200 1570 1242 1580 —

471 1636 563 1714 Quod
584 1642 752 1718 excerptor
778 1638 894 1720 capitis
913 1645 953 1704 10
974 1644 1068 1720 parte
1086 1638 1194 1720 priore
1209 1636 1364 1717 exposuit,
1387 1634 1602 1701 revocandum
1615 1651 1688 1700 esse

385 1741 427 1808 ad
451 1740 652 1806 Herodotum
675 1760 773 1822 snpra
795 1742 869 1807 dixi.
927 1744 1071 1808 Alteram
1093 1761 1168 1807 vero
1191 1747 1316 1822 partem
1339 1740 1545 1820 Xenophonti
1575 1737 1688 1804 deberi

381 1844 474 1914 nobis
498 1851 723 1930 argumentum
746 1847 932 1928 suppeditat
955 1847 1040 1913 haud
1060 1847 1275 1928 spernendum
1291 1845 1429 1911 lormula
1448 1844 1504 1910 illa
1519 1842 1576 1929 οὐχ
1587 1845 1689 1928 ὥσπερ

383 1949 413 2013 ἐν
437 1951 500 2020 ταῖς
523 1947 626 2020 ἄλλοις
649 1951 767 2014 πόλεσιν
791 1970 923 2033 prorsus
938 1953 1182 2033 Xenophonteo.
1229 1950 1381 2015 Ceterum
1397 1950 1494 2015 etiam
1517 1947 1689 2015 verborum

383 2054 560 2120 similitudo
584 2059 634 2120 est
657 2056 843 2136 conspicua:

627 2159 707 2224 Inst.
735 2164 783 2224 10.
1205 2158 1287 2226 Xen.
1310 2158 1374 2238 VI,
1400 2163 1427 2240 l,
1452 2162 1481 2240 2,
1506 2163 1535 2222 3.

429 2257 483 2322 hrt
506 2257 555 2322 καὶ
578 2261 671 2347 ἦρχεν
696 2262 819 2335 ἕκαστος
842 2263 900 2349 οὐχ
923 2266 1023 2348 ὥσπερ
1095 2259 1150 2327 Ἑν
1183 2261 1234 2348 μὲν
1265 2259 1322 2347 γάρ
1352 2262 1415 2332 ταῖς
1447 2259 1550 2332 ἄλλαις
1586 2261 1691 2324 πόλεσι

387 2363 417 2446 ἐν
439 2367 503 2435 ταῖς
527 2363 630 2438 ἄλλαις
653 2367 757 2430 πόλεσι
778 2373 836 2431 τῶν
854 2367 945 2431 αὑτοῦ
956 2368 1024 2431 τέκ-
1055 2373 1113 2431 τῶν
1136 2368 1243 2430 ἑαυτοῦ
1267 2367 1390 2436 ἕκαστος
1411 2364 1462 2428 καὶ
1496 2365 1611 2430 παίδων
1640 2363 1690 2430 καὶ

387 2492 446 2531 νων
468 2467 518 2533 καί
543 2469 657 2535 δούλων
680 2470 730 2534 καί
753 2472 933 2558 κτημάτων·
957 2474 1023 2536 ἀλλ’
1056 2473 1176 2534 οἰκετῶν
1200 2468 1249 2532 καὶ
1263 2467 1426 2556 χρημάτων
1446 2466 1604 2554 ἄρχουσιν·
1629 2469 1690 2534 dds

387 2561 487 2658 decep
510 2580 568 2637 τῶν
592 2574 755 2638 αὑτοῦκαὶ
779 2582 836 2641 τῶν
870 2581 922 2640 τοῦ
945 2527 1132 2662 πλη-ίΛοκ.
1153 2613 1198 2622 -
1221 2613 1262 2622 —-
1286 2611 1330 2644 -.-
1351 2573 1476 2658 ἐποίησε
1489 2574 1603 2637 παίδων
1618 2574 1691 2638 ἕκα-

389 2676 461 2758 σίον,
486 2679 567 2751 ὅπως
590 2681 634 2744 ὅτι
653 2679 781 2764 μάλιστα
793 2687 959 2747 κοινωνῶσι
974 2626 1040 2772 καὶί
1057 2705 1124 2745 στον
1149 2680 1260 2765 ὁμοίως
1280 2686 1339 2744 τῶν
1363 2681 1470 2743 ἑαυτοῦ
1493 2678 1542 2742 καὶ
1561 2687 1619 2744 τῶν
1634 2682 1691 2744 άλ-

389 2782 583 2868 φροντίζωσιν
607 2786 648 2855 ὡς
672 2783 764 2848 ἰδίων.
1036 2777 1177 2872 ίλοτρίων
1203 2784 1314 2872 άρχειν.
1359 2786 1427 2848 ὅταν
1459 2781 1515 2868 γάρ
1544 2809 1587 2856 τις
1613 2787 1689 2872 εἰδῇ,

1055 2892 1099 2954 ὅτι
1133 2889 1215 2954 οὗτοι
1237 2890 1362 2975 πατέρες
1396 2886 1452 2952 εἰσί
1483 2894 1541 2953 τῶν
1576 2889 1690 2954 παίδων

1054 2997 1094 3058 ὧν
1119 2993 1206 3066 αὐτὸς
1220 2991 1315 3079 ἄρχει,
1340 2991 1454 3079 ἀνάγκη
1472 2993 1567 3067 οὕτως
1589 2993 1690 3082 άρχειν

1055 3100 1155 3183 ὥσπερ
1178 3097 1212 3162 tv
1235 3096 1285 3160 καί
1308 3105 1366 3164 τῶν
1400 3100 1510 3162 ἑαυτοῦ
1543 3098 1694 3186 ἄρχεσθαι

1057 3202 1202 3288 βούλοιτο.

475 3308 645 3374 Coniunxit
667 3308 768 3393 igitur
790 3309 929 3390 scriptor
951 3327 1125 3391 anonymus
1157 3327 1238 3391 quae
1269 3327 1308 3374 ex
1330 3308 1497 3376 Herodoto
1530 3310 1693 3393 petiverat

389 3431 459 3480 oum
481 3413 733 3494 Xenophonteis.

475 3518 521 3582 Ac
544 3517 648 3582 simile
671 3516 748 3599 quid
771 3515 812 3582 ab
836 3537 873 3582 eo
895 3519 1098 3584 commissum
1123 3519 1249 3584 eratin
1271 3517 1360 3601 loco,
1390 3537 1486 3600 quem
1508 3524 1693 3601 excerptum

387 3640 470 3688 nunc
494 3621 601 3701 capite
635 3627 673 3686 13
705 3620 870 3688 habemus.
927 3623 1035 3688 Prima
1063 3628 1173 3688 autem
1204 3623 1297 3688 huius
1328 3623 1445 3703 capitis
1480 3623 1578 3691 verba
1601 3630 1692 3690 ante·

389 3724 645 3814 cedentilpotius
668 3745 740 3792 esee
764 3726 967 3792 adnectenda
989 3732 1104 3808 postca
1127 3724 1314 3792 videbimus.
1366 3727 1416 3791 Ex
1438 3728 1486 3792 eis
1507 3747 1584 3795 vero
1607 3747 1691 3809 quae

388 3834 524 3911 restant,
548 3828 647 3895 verba
668 3827 705 3892 ἵν’
728 3829 889 3901 ἐθίζωνται
912 3830 1064 3914 μηδέποτε
1086 3830 1222 3913 γίνεσθαι
1241 3831 1374 3915 πλήρεις,
1400 3829 1547 3895 δύνασθαι
1570 3831 1603 3896 δὲ
1625 3856 1693 3898 πει-

387 3939 459 4017 νῆν·
493 3939 530 3999 ut
558 3933 673 3999 eadem
703 3941 778 4020 sunt
801 3954 884 4018 quae
907 3935 994 4016 apud
1017 3935 1223 4001 Heraclidem
1247 3937 1301 4018 qui
1324 3936 1442 4002 dicitur
1464 3944 1594 4021 extant,
1626 3937 1695 4023 τρέ-

390 4061 480 4124 φουσι
503 4035 595 4100 δὲτὰ
625 4029 729 4119 τέκνα,
765 4041 843 4102 ὥστε
874 4039 1023 4124 μηδέποτε
1052 4043 1181 4125 πληροῦν
1204 4038 1253 4104 ἵνα
1275 4041 1434 4112 ἐθίζωνται
1457 4041 1605 4106 δύνασθαι
1626 4067 1694 4107 πει-

391 4149 453 4227 νῆν,
478 4143 525 4207 ita
547 4144 693 4225 proxima
705 4143 729 4228 ¹)
761 4163 863 4227 usque
887 4145 928 4211 ad
951 4146 992 4216 εἰς
1015 4145 1088 4232 ὕψος
1110 4142 1148 4209 τὰ
1170 4147 1296 4230 σώματα
1318 4165 1336 4212 ε
1358 4146 1616 4232 Xenophontisl)
1640 4167 1696 4215 ca·

463 4331 490 4398 1)
509 4329 540 4382 In
558 4329 602 4382 his
621 4329 752 4401 ἀποφέρειν
773 4358 804 4368 -
825 4329 1008 4404 προσφέρεσθαι
1027 4333 1193 4400 corruptelis
1212 4337 1334 4401 scatent,
1362 4349 1450 4402 neque
1474 4335 1563 4389 habeo
1590 4341 1695 4391 certam

390 4417 614 4474 emendationem.
651 4418 727 4486 Quae
745 4429 906 4488 sequuntur,
926 4421 966 4475 sic
983 4429 1047 4476 sunt
1059 4421 1195 4491 legenda:
1213 4452 1246 4464 -
1266 4421 1347 4494 ᾤοντο
1367 4421 1517 4496 ὑγιεινότερα
1536 4423 1567 4477 τὰ
1586 4425 1695 4495 σώματα

389 4508 439 4561 άπὸ
458 4513 504 4579 τῆς
523 4507 681 4579 ἐλλειποίιοης
700 4516 777 4563 ποιεῖν
796 4516 892 4582 τροφῆς
910 4511 954 4563 καὶ
972 4509 1061 4576 αὔξειν,
1081 4512 1114 4572 τίς
1135 4510 1213 4584 βάθος
1230 4513 1273 4566 καὶ
1291 4513 1385 4572 πλάτος
1401 4513 1436 4586 μὴ
1451 4513 1604 4584 πιεζόμενον,
1623 4515 1693 4568 ἐπαί-

391 4616 439 4670 ρειν
459 4597 534 4654 <δ’>
553 4596 587 4656 είς
606 4595 669 4669 ὕψος
687 4600 719 4651 τά
738 4599 853 4669 σώματα.
891 4599 1164 4673 el.Plut.Lye.17.
1678 4607 1681 4612 ’

399 4733 403 4742 .
462 4687 491 4755 2)
509 4685 568 4753 Quo
587 4687 647 4741 iure
665 4687 694 4740 iu
712 4688 764 4743 hoc
783 4689 910 4744 instituto
930 4689 1083 4747 doctrinam
1095 4691 1286 4760 Xenophontis
1304 4692 1393 4748 latere
1404 4693 1547 4761 negaverit
1556 4692 1696 4754 Ricardna

391 4776 493 4834 Boehm
514 4776 544 4846 (ιι
563 4792 587 4831 c.
606 4792 633 4844 p.
653 4778 707 4847 22),
725 4794 778 4832 non
799 4794 938 4848 assequor.
