3814 5370
993 335 1032 396 32

368 502 414 571 tio
437 523 512 589 aa,
536 505 591 588 qui
613 522 695 587 quac
717 501 847 583 habent,
872 503 976 570 eidem
1000 502 1120 571 debent
1141 504 1232 588 fonti,
1254 502 1503 587 bancHesychii
1523 504 1665 586 glossam

368 612 485 678 nullius
505 611 603 694 pretii
626 608 877 676 aestimabimus.

454 716 570 782 Paucis
592 717 689 783 etiam
714 715 873 800 agendum
898 720 948 782 cst
971 715 1011 782 dc
1032 734 1109 782 voce
1132 715 1322 801 ονρμαία,
1359 733 1454 798 quam
1483 733 1547 781 non
1569 712 1664 780 modo

368 821 546 904 Hesychius
576 827 609 886 et
642 819 733 886 ΕῑΜἰ
764 827 876 886 auctor
907 819 964 886 sed
994 821 1090 886 etiam
1112 821 1246 888 Photius
1277 826 1311 887 et
1343 820 1518 886 scholiasta
1539 819 1665 884 Aristo-

367 925 481 1007 phanis
505 927 545 992 ad
568 944 694 992 versum
716 926 806 1007 pacis
832 925 913 990 1253
935 926 1178 1008 iuterpretatur.
1233 927 1338 1007 Atque
1361 924 1513 1008 Hesychii
1535 923 1663 1006 quidem

369 1031 488 1116 glossa,
511 1030 545 1095 id
568 1031 650 1112 quod
675 1049 905 1112 saepenumero
927 1029 1109 1097 iaciendum
1132 1037 1192 1111 est,
1215 1032 1247 1096 in
1270 1031 1350 1098 duas
1373 1035 1484 1112 partes
1508 1034 1558 1096 est
1581 1027 1661 1094 divi·

372 1134 487 1218 denda,
511 1153 645 1216 quarum
666 1137 755 1218 prior
777 1140 843 1201 est:
867 1135 948 1219 ἀγών
970 1160 1012 1208 τις
1035 1137 1063 1200 ἐν
1088 1134 1303 1220 Λακεδαίμονι,
1338 1133 1467 1199 ἔπαθλον
1491 1133 1568 1220 ἔχων
1593 1156 1665 1217 συμ-

373 1238 470 1325 μαίαν.
516 1238 632 1303 ἔστιδὲ
656 1238 822 1326 βρωμάτιον
847 1237 896 1304 διὰ
921 1241 1040 1313 στέατος
1062 1239 1112 1304 καὶ
1136 1241 1260 1326 μέλιτος.
1304 1241 1470 1307 Posterior
1491 1235 1608 1322 λέγεται
1631 1234 1665 1300 δὲ

367 1342 417 1409 καὶ
441 1343 633 1430 ουρμαϊομὸς,
667 1341 718 1410 καὶ
742 1343 804 1408 ἔστι
825 1342 897 1430 πρὸς
919 1343 1074 1430 κάθαρσιν.
1129 1343 1179 1410 καὶ
1210 1349 1292 1430 πόμα
1322 1346 1360 1408 δι’
1384 1345 1490 1415 ὕδατος
1511 1341 1562 1407 καί
1585 1343 1663 1408 ἁλῶν

369 1471 445 1518 num
467 1470 505 1517 ex
528 1451 734 1533 Hippocratis
756 1451 840 1535 loco,
876 1453 930 1534 qui
955 1457 1006 1518 est
1028 1472 1058 1534 p.
1083 1453 1249 1518 cosroes
1273 1451 1325 1536 (K.
1349 1451 1397 1517 llI
1418 1471 1449 1534 p.
1476 1450 1551 1533 186)
1573 1445 1606 1511 τὸ
1630 1445 1663 1511 δὲ

370 1563 458 1642 σῶμα
481 1554 637 1642 ἰσχναίνειν
659 1553 709 1618 καὶ
733 1558 860 1642 μᾶλλον,
898 1548 923 1642 ql
953 1556 987 1622 ih
1010 1557 1142 1629 κίνδυνος
1174 1555 1209 1643 tq
1241 1555 1351 1641 ἔμπυον
1387 1554 1419 1619 τὸ
1443 1554 1492 1626 οὖς
1515 1551 1663 1637 γενέσθαι.

371 1661 489 1748 ἄμεινον
513 1659 616 1726 δὲκαὶ
641 1661 789 1747 pollicibus
810 1662 863 1748 τὴν
886 1662 1009 1748 κοιλίην.
1055 1667 1090 1748 ἢν
1115 1661 1148 1726 δὲ
1170 1660 1219 1726 καὶ
1242 1663 1386 1748 εὐήμετος
1409 1660 1463 1748 iq,
1487 1659 1581 1745 ἐμέειν
1605 1657 1663 1723 ἀπὸ

371 1771 566 1854 οορμαϊομοδ,
590 1769 778 1851 explicando
799 1775 877 1834 nata
900 1771 952 1852 sit,
975 1770 1009 1834 in
1031 1770 1136 1836 medio
1159 1768 1401 1851 relinquendum
1421 1786 1492 1834 esse
1512 1765 1663 1832 arbitror.

374 1874 469 1941 Certe
491 1874 571 1940 haec
595 1893 657 1939 non
679 1875 814 1940 multum
836 1875 959 1941 distant
981 1873 1020 1941 ab
1052 1875 1117 1955 eis,
1154 1894 1236 1957 quae
1265 1875 1338 1941 aliis
1361 1873 1439 1940 locis
1463 1891 1560 1956 supra
1581 1872 1664 1937 indi·

372 1981 454 2047 catis
476 1981 657 2046 traduntur.
702 1981 771 2046 lam
794 2000 863 2046 cum
888 1981 1036 2047 aPhotio
1060 1981 1256 2047 luculentum
1268 1980 1426 2046 Herodoti
1447 1978 1664 2045 testimonium

372 2087 415 2152 sit
437 2091 608 2167 servatum,
632 2087 774 2152 scholion
796 2092 904 2152 autem
915 2087 1194 2170 Aristophaneum,
1218 2086 1302 2168 quod
1318 2085 1488 2169 Didymum
1503 2089 1663 2150 auctorem

374 2191 525 2274 nominat,
548 2192 705 2258 Herodoti
729 2193 774 2274 (ll
797 2198 847 2257 77.
864 2197 914 2258 88.
930 2193 1004 2274 125)
1027 2193 1152 2258 ratione
1174 2191 1285 2257 habita
1307 2191 1461 2273 scriptum
1484 2208 1556 2255 esse
1570 2207 1663 2254 unus·

373 2297 506 2380 quisque
528 2297 707 2379 intellegat,
730 2297 836 2362 nullus
859 2295 971 2362 dubito
985 2297 1137 2379 Hesychii
1153 2299 1282 2383 glossae
1303 2303 1432 2378 partum
1453 2295 1658 2378 posteriorem

375 2403 416 2468 ad
451 2402 586 2468 eundem
615 2400 752 2484 fontem,
783 2401 854 2466 dico
878 2401 1048 2484 Didymum
1071 2409 1104 2468 et
1135 2404 1281 2484 siquem
1306 2403 1361 2467 ille
1392 2399 1538 2467 adhibuit
1570 2416 1654 2462 revo-

374 2525 459 2572 care.
516 2506 702 2584 Quaerere
730 2507 837 2588 priore
861 2505 1013 2590 Hesychii
1036 2509 1162 2590 glossae
1192 2513 1286 2591 parte
1309 2509 1476 2586 docemur,
1511 2518 1651 2584 nusquam

374 2611 453 2678 alibi
481 2611 692 2678 inveniuntur.
749 2613 839 2678 Haec
862 2618 971 2678 autem
994 2614 1064 2678 sola
1095 2633 1166 2679 cum
1198 2613 1240 2678 ad
1270 2617 1414 2678 nostram
1444 2609 1656 2692 quaestionem

373 2717 493 2800 aliquid
526 2717 664 2799 iaciant,
697 2717 862 2784 mittamus
892 2718 956 2782 Eum
978 2717 1062 2798 Mum,
1096 2719 1239 2784 scholion
1263 2718 1549 2799 Aristophaneum,
1582 2712 1660 2777 Pbo-

372 2823 471 2902 tium,
505 2823 653 2904 quoniam
683 2822 758 2904 quid
781 2822 918 2905 Spartae
950 2822 1079 2907 cuppola
1110 2821 1284 2906 significet,
1318 2824 1413 2905 plane
1447 2840 1510 2886 non
1543 2820 1664 2886 curant.

372 2928 486 3009 Itaque
509 2928 569 2993 huc
594 2946 718 3009 quoque
739 2928 771 2992 in
795 2947 831 2993 re
845 2929 1024 3010 Hesychius
1047 2934 1173 2995 ceteros
1194 2929 1422 3013 grammaticos
1446 2925 1593 2992 doctrina
1614 2941 1665 2989 su-

374 3038 478 3115 perat,
501 3032 583 3114 quod
608 3052 670 3114 qua
690 3033 816 3098 ratione
839 3035 997 3115 potuerit,
1021 3039 1135 3115 postea
1158 3033 1284 3099 demum
1307 3033 1421 3099 docere
1443 3048 1622 3115 possumus.

464 3137 575 3220 Neque
597 3139 657 3203 hoc
679 3137 830 3204 iudicium
854 3159 915 3205 non
940 3136 1146 3204 confirmatur
1168 3138 1226 3218 eis,
1249 3157 1331 3222 quae
1355 3157 1380 3204 s.
1403 3159 1450 3204 νν.
1476 3135 1667 3220 δείκηλον,

375 3242 524 3328 δίκηλον
546 3243 597 3308 vel
620 3243 881 3328 δεικελιοταίῑ)
905 3245 1122 3327 lexicographi
1145 3250 1178 3310 et
1200 3245 1375 3310 scholiasta
1399 3241 1560 3326 Apollonii
1580 3240 1666 3306 Rho-

274 3421 279 3430 ,
374 3349 420 3414 dii
443 3349 472 3431 (1
494 3351 569 3434 746)
591 3350 733 3415 tradunt.
778 3350 888 3432 Neque
911 3370 986 3416 vero
1010 3350 1125 3416 Suidas
1149 3355 1200 3417 cst
1214 3349 1451 3433 respiciendus:
1474 3347 1575 3414 multo
1591 3364 1669 3432 gra-

373 3454 478 3520 viores
513 3454 686 3520 earundem
719 3474 825 3521 rerum
856 3460 959 3521 testes
990 3456 1185 3521 extantium
1209 3455 1278 3520 Mmn
1301 3461 1333 3522 et
1365 3454 1539 3520 scholiasta
1570 3451 1669 3534 Apol-

374 3559 451 3624 lonii
482 3596 521 3606 —
551 3578 653 3642 neque
677 3561 798 3626 Timaei
821 3561 945 3626 lexicon
967 3561 1168 3628 Platonicum
1196 3562 1313 3643 inquo
1336 3561 1477 3646 glossam
1508 3557 1667 3643 δίκηλα·

377 3665 533 3749 μιμήματα
555 3663 720 3750 εἰκάσματα
736 3665 878 3748 spuriam
892 3685 963 3733 csse
976 3667 1184 3733 Ruhnkenius
1200 3666 1375 3733 adnotavit.
1410 3664 1588 3749 Hesychius
1612 3682 1669 3729 au·

374 3774 440 3836 tem
463 3771 599 3854 quinque
623 3772 750 3856 glossas
773 3769 881 3854 habet,
905 3791 987 3854 quae
1004 3771 1071 3841 ¹huc
1094 3771 1231 3851 faciunt,
1267 3769 1397 3835 δείκελον
1426 3769 1544 3834 δείκελα
1567 3767 1669 3854 (apud

377 3875 586 3943 Schmidtium
609 3875 745 3962 δείκηλα)
770 3875 946 3939 δεικελιοταί
968 3877 1067 3960 (apud
1080 3876 1290 3943 Schmidtium
1307 3894 1345 3942 ex
1360 3875 1572 3944 Valckeuaeri
1594 3893 1670 3940 con·

375 3981 499 4048 iectura
533 3979 727 4067 δεικηλικταί)
759 3979 810 4046 bis
839 3979 968 4066 δίκηλον.
1025 3981 1063 4046 In
1104 3978 1218 4064 quibus
1244 4000 1326 4064 quae
1357 4001 1429 4047 cum
1458 3981 1499 4046 Ε0
1517 3980 1570 4054 Mc
1595 3998 1670 4046 con-

376 4091 505 4171 gruunt,
540 4105 689 4169 quorsum
713 4086 848 4151 tendant
870 4091 1005 4169 apparet
1028 4105 1067 4152 ex
1088 4086 1263 4153 Parthenio
1296 4087 1463 4169 Apollonio
1485 4084 1669 4152 Democrito

376 4189 416 4257 ab
439 4190 521 4257 HM
555 4197 685 4259 auctore
716 4189 840 4274 allatis,
871 4189 985 4275 quibus
1007 4190 1110 4258 addas
1133 4191 1331 4258 Herodotum
1354 4193 1400 4276 (ll
1424 4193 1509 4276 171).
1565 4190 1669 4272 Hesy-

376 4297 481 4364 chium
504 4302 611 4364 autem
630 4294 775 4363 omnibus
791 4295 973 4363 uberiorem
987 4316 1058 4363 esse
1071 4297 1103 4362 iu
1116 4297 1163 4363 eis
1181 4316 1263 4380 quae
1278 4316 1331 4364 res
1341 4298 1518 4365 Laconicas
1526 4300 1672 4380 tangunt,

374 4420 438 4469 uon
470 4420 549 4486 opus
580 4407 630 4467 est
659 4400 890 4469 demonstrare.
945 4402 1009 4466 Eum
1030 4403 1099 4467 Mum
1122 4403 1206 4470 enim
1239 4403 1316 4471 solis
1348 4403 1454 4471 verbis
1477 4399 1669 4466 δεικελιοταί·

376 4504 499 4594 μιμηταί
521 4503 602 4593 παρὰ
623 4503 767 4572 Λάκωσιν
800 4507 862 4575 huc
886 4506 1131 4590 pertinentibus
1154 4508 1349 4592 Hesycbium
1378 4509 1583 4592 aequiparat,
1618 4511 1669 4572 at·

376 4633 437 4699 que
457 4614 491 4678 in
513 4613 626 4680 scholii
638 4613 837 4697 Apolloniaci
858 4619 952 4696 parte
975 4613 1163 4698 posteriore,
1188 4633 1270 4698 quaa
1291 4615 1537 4699 haudquaquam
1553 4610 1670 4682 nullius

450 4833 476 4906 1)
495 4832 536 4888 De
553 4834 661 4890 ratione
682 4833 819 4890 scribendi
837 4832 888 4892 has
907 4851 986 4893 voces
1005 4834 1077 4891 inira
1096 4833 1222 4890 dicemus.
