3814 5370
851 396 891 456 49

304 565 373 633 Iam
395 583 472 633 vero
495 563 555 631 hac
578 562 610 630 in
634 563 820 647 quaestione
842 568 1033 648 pergratum
1056 560 1188 646 accidit,
1223 561 1307 644 quod
1338 559 1371 626 in
1401 560 1519 647 glossis

218 673 378 738 nonnullis
402 670 591 738 enarrandis
613 689 729 736 nomen
752 668 892 736 auctoris
925 666 966 734 ab
988 667 1149 750 Hesychio
1178 686 1241 732 non
1275 667 1426 733 omissum
1460 673 1519 734 est.

219 776 283 843 Sed
306 797 375 843 cum
397 776 525 842 nomina
548 777 700 860 legantur
721 775 821 841 semel
842 773 971 859 singula
993 771 1235 855 Aristophanis,
1265 772 1409 854 Didymi,
1433 771 1520 838 Sosi-

219 879 279 963 bii,
312 882 561 963 Aristophanem
594 881 841 966 grammaticum
862 879 935 944 hinc
959 878 1070 944 statim
1093 879 1268 943 mittemus.
1314 877 1401 955 Quae
1436 876 1520 942 enim

218 985 326 1066 glossa
349 985 418 1052 eius
434 987 562 1052 nomine
572 985 732 1051 instructa
748 991 808 1068 est,
833 982 1075 1071 βούθοοτον·
1098 984 1204 1054 ὅτινες
1219 981 1382 1067 ἀμέμοορον.
1410 977 1522 1066 Ἀχαιοὶ

219 1085 324 1170 (ἄλλοι
346 1091 426 1156 coni.
440 1091 586 1173 Kuster.)
610 1087 643 1152 δὲ
666 1090 825 1175 ἰσόχοιρον.
860 1086 1078 1175 Ἀριστοφάνης,
1102 1085 1258 1167 Λάκωνες,
1283 1107 1354 1153 eam
1378 1087 1521 1168 quamvis

219 1193 408 1260 dubitanter
430 1196 491 1261 huc
515 1194 710 1261 afferendam
733 1201 841 1261 tamen
863 1195 983 1277 putavi,
1008 1193 1156 1276 quoniam
1178 1191 1261 1256 tideo
1284 1191 1416 1259 verbum
1434 1191 1466 1256 in
1482 1210 1522 1257 ea

219 1316 299 1364 voce
322 1299 427 1365 latens
451 1319 522 1366 eam
545 1319 743 1382 quacumque
765 1301 891 1366 ratione
915 1299 957 1364 ad
979 1317 1033 1364 res
1049 1318 1160 1364 sacras
1176 1298 1338 1381 pertinere
1351 1295 1523 1362 videbatur

218 1402 372 1470 indicare.
430 1405 493 1470 Sed
516 1404 611 1471 facile
643 1405 818 1471 conieceris
849 1424 919 1470 eam
953 1421 1025 1470 esse
1058 1403 1229 1468 frustulum
1261 1420 1393 1484 parcum
1424 1405 1521 1482 atque

220 1507 301 1572 adeo
322 1507 492 1575 obscurum
516 1529 555 1576 ex
576 1509 785 1576 illustrissimi
808 1509 1012 1594 grammatici
1035 1527 1142 1592 opere,
1166 1508 1217 1574 cui
1237 1507 1366 1573 titulum
1387 1507 1523 1589 γλῶσσαι

222 1610 397 1676 Λακωνικαὶ
421 1613 520 1679 fuisse
545 1613 729 1680 Athenaeus
752 1613 813 1697 (111
834 1633 865 1694 p.
891 1617 931 1678 77
952 1617 997 1697 A,
1019 1633 1050 1696 p.
1074 1618 1115 1678 83
1128 1611 1168 1696 A)
1200 1613 1294 1678 testis
1318 1615 1384 1695 est,
1421 1609 1521 1692 quod·

223 1735 283 1798 que
306 1718 411 1799 ipsum
433 1719 552 1785 citatur
582 1717 622 1784 ab
647 1718 807 1801 Hesychio
830 1737 856 1783 s.
879 1737 927 1784 vv.
963 1715 1044 1780 datu
1067 1722 1101 1784 et
1121 1716 1286 1803 ποορέανος
1318 1715 1372 1801 (cf.
1396 1715 1519 1781 Nauck.

219 1821 317 1887 Arist.
340 1823 416 1905 Byz.
441 1822 557 1908 fragm.
581 1843 612 1905 p.
628 1824 712 1907 190).
760 1807 915 1902 Quocirca
938 1841 1010 1888 cum
1032 1824 1112 1889 haec
1135 1824 1245 1908 glossa
1267 1822 1315 1888 eis
1337 1822 1444 1903 potius
1463 1820 1520 1886 ad-

220 1927 417 1994 numeranda
439 1927 499 2010 sit,
534 1946 615 2010 quae
640 1928 778 1994 dialecto
801 1946 864 1992 non
886 1926 984 1994 rebus
1006 1928 1174 1994 Laconicis
1204 1926 1436 2012 cognoscendis
1472 1925 1520 1990 in·

219 2032 463 2097 serviunt-id
486 2033 570 2115 quod
593 2033 804 2114 explicatione
828 2051 953 2116 quoque
976 2037 1123 2114 apparet,
1147 2051 1229 2115 qnae
1250 2033 1376 2098 omnino
1399 2029 1520 2097 discre-

220 2139 277 2214 pat
300 2155 319 2200 a
341 2136 458 2220 glossis
480 2137 557 2202 mihi
580 2137 816 2204 tractandis—
829 2136 869 2203 ab
892 2137 944 2203 his
966 2137 1172 2223 segreganda
1195 2143 1254 2202 est.
1289 2136 1390 2202 Simul
1412 2141 1521 2201 autem

224 2240 386 2305 evanescit
409 2241 517 2326 gravis
539 2242 765 2324 Aristophanis
799 2242 993 2325 auctoritas,
1029 2261 1123 2325 quem
1144 2261 1206 2307 non
1231 2260 1301 2307 eum
1325 2259 1396 2306 esse
1420 2240 1520 2322 scrip-

220 2346 324 2407 torem
345 2361 440 2430 quem
463 2347 647 2428 quaerimus
669 2347 701 2412 in
723 2347 894 2430 propatulo
918 2351 986 2430 est,
1026 2346 1143 2429 quippe
1177 2347 1230 2429 qui
1253 2345 1295 2412 ad
1317 2363 1412 2411 voces
1433 2345 1520 2410 inso-

219 2445 372 2514 lentiores
404 2452 455 2515 vel
489 2452 676 2517 dlalecticas
711 2451 917 2534 explicandas
951 2452 1139 2534 plerumque
1171 2452 1306 2517 aliorum
1329 2450 1520 2532 scriptorum

220 2569 280 2632 ope
303 2571 379 2620 usus
403 2555 455 2620 sit.
492 2556 690 2638 Quamquam
707 2557 792 2622 enim
813 2557 974 2638 permulta
997 2575 1117 2639 eorum,
1141 2575 1223 2638 quae
1244 2557 1278 2621 in
1299 2555 1410 2621 lexicis
1427 2553 1520 2621 nobis

219 2661 294 2720 sunt
315 2659 448 2740 tradita,
473 2659 515 2723 ad
537 2660 623 2725 illius
645 2658 807 2746 insignem
828 2661 1022 2727 industriam
1052 2666 1149 2744 atque
1172 2661 1350 2727 doctrinam
1373 2660 1520 2743 redeunt,

219 2761 328 2822 tamen
349 2761 383 2824 id
406 2779 534 2841 semper
555 2762 730 2828 tenendum
753 2771 813 2848 est,
837 2784 909 2831 enm
930 2783 1026 2831 voces
1050 2764 1197 2832 difficiles
1213 2764 1519 2847 explicatuescrip-

219 2860 345 2928 toribus
368 2864 537 2946 collegisse
559 2867 667 2947 potius
690 2872 788 2950 atque
810 2871 857 2934 ita
879 2871 1129 2951 interpretatum
1152 2890 1234 2953 esse,
1257 2876 1294 2936 ut
1317 2889 1356 2936 ea
1372 2887 1454 2951 quae
1478 2868 1519 2934 ad

221 2971 325 3032 artem
347 2969 593 3050 grammaticam
615 2977 648 3036 et
672 2973 916 3058 etymologicam
939 2981 1126 3056 spectarent
1148 2995 1187 3041 ex
1205 2976 1332 3059 ingenio
1348 2994 1416 3055 suo,
1438 2993 1520 3056 quae

220 3071 336 3138 adres
359 3073 465 3156 ipsas,
489 3075 682 3156 scriptorum
705 3076 897 3158 optimorum
918 3079 1103 3146 testimonio
1134 3099 1211 3146 usus
1235 3065 1389 3162 adderet,
1425 3097 1519 3161 quam

220 3194 303 3242 nova
325 3176 484 3244 derebus
507 3178 644 3260 publicis
665 3188 721 3247 aut
743 3183 784 3248 de
806 3182 963 3249 institutis
986 3184 1170 3250 tradidisse.
1194 3223 1237 3233 —
1270 3184 1395 3250 Deinde
1418 3183 1518 3266 Didy-

219 3298 323 3364 mum,
360 3282 450 3348 cuius
479 3303 593 3350 nomen
618 3287 815 3368 adscriptum
846 3295 895 3354 est
927 3289 1056 3373 glossae
1090 3289 1317 3375 Λαπέροαι·
1356 3288 1519 3374 Λαπέροας

221 3383 403 3470 (Augustae
428 3388 511 3473 cod.)
536 3388 666 3473 Δίδυμος
688 3388 756 3462 τοὺς
779 3391 977 3478 Διοσκούρους
1001 3392 1059 3457 ἀπὸ
1083 3393 1244 3480 Λᾶ[πέροη
1276 3395 1376 3460 delev.
1401 3395 1521 3478 Schm]

219 3490 345 3572 πόλεως,
359 3493 449 3557 'nihil
471 3512 529 3560 nos
551 3494 661 3561 iuvare
685 3515 724 3561 ex
747 3497 794 3562 eIs
816 3498 1024 3564 manifestum
1048 3505 1107 3582 est,
1132 3518 1214 3581 quae
1237 3502 1276 3566 de
1298 3507 1442 3581 tempore
1458 3518 1519 3581 qno

219 3594 337 3661 vixisse
361 3603 524 3663 auctorem
548 3599 846 3682 lexicographorum
868 3603 937 3667 veri
958 3603 1002 3668 sit
1023 3603 1127 3668 simile
1151 3604 1298 3670 disserui.
1343 3605 1519 3669 Praeterea

221 3699 396 3767 Mauricius
420 3704 565 3770 Schmidt
588 3705 730 3788 (Didymi
752 3707 823 3772 rell.
845 3726 876 3788 p.
890 3709 945 3790 87)
967 3707 1147 3773 rectissime
1169 3709 1248 3773 mihi
1269 3708 1352 3774 hano
1375 3709 1519 3792 glossam

220 3803 262 3869 ad
285 3804 451 3886 Sophoclis
474 3808 691 3894 fragmentum
721 3812 798 3895 (869
821 3811 943 3878 Nauck.
968 3811 1074 3878 Strab.
1098 3813 1175 3878 VIII
1202 3833 1233 3895 p.
1258 3814 1336 3897 364)
1367 3813 1518 3878 retulisse

218 3908 356 3992 videtur,
381 3928 443 3991 quo
465 3911 502 3977 fit
523 3921 560 3979 ut
581 3935 622 3980 ne
643 3916 725 3981 hanc
749 3917 878 3998 quidem
899 3917 932 3982 in
954 3917 1087 4000 reliquis
1109 3919 1225 4002 glossis
1243 3918 1284 3984 ad
1304 3918 1436 3984 deorum
1452 3918 1517 3983 cul-

219 4019 288 4078 tum
308 4014 544 4095 pertinentibus
567 4019 686 4086 diutius
709 4021 930 4103 respiciamus.

307 4119 395 4184 Unus
428 4129 578 4201 superest
601 4123 744 4190 Sosibius
767 4127 872 4206 Laco,
908 4128 997 4194 cuius
1018 4133 1052 4193 et
1073 4133 1220 4210 tempora
1253 4129 1381 4211 egregie
1404 4147 1516 4194 conve-

217 4219 310 4286 niunt
333 4241 402 4288 cum
426 4225 493 4309 eis,
528 4225 641 4308 quibus
665 4235 828 4296 auctorem
851 4231 1005 4315 Hesychii
1026 4233 1126 4300 fuisse
1156 4252 1254 4316 supra
1285 4234 1516 4300 demonstravi·

219 4344 290 4392 mus
313 4332 346 4392 et
369 4329 539 4410 explicatio
561 4334 649 4398 vocis
667 4329 867 4415 Ἠλακάτεια,
892 4354 986 4417 quam
1009 4339 1077 4404 eius
1100 4357 1171 4404 esse
1194 4339 1315 4404 diserte
1337 4339 1517 4421 Hesychius

218 4431 389 4513 profitetur
412 4433 493 4516 ἀγὼν
517 4435 547 4500 ἐν
569 4435 777 4523 Λακεδαίμονι
799 4438 856 4503 ἀπὸ
876 4437 1062 4523 Ἠλακάτου,
1082 4444 1118 4515 ’ὃς
1141 4444 1177 4529 ἦν
1201 4445 1349 4529 ἐρώμενος
1362 4441 1518 4530 Ἡρακλέ-

219 4560 269 4608 ους
293 4540 333 4610 ῶς
356 4562 432 4626 φησι
454 4539 602 4626 Σωσίβιος
625 4548 690 4608 tam
725 4544 840 4610 similis
863 4550 914 4610 est
935 4548 1098 4629 plerisque
1120 4549 1235 4614 harum
1257 4550 1440 4634 glossarum
1462 4569 1516 4616 ex-

217 4641 453 4728 plicationibus,
475 4652 511 4712 ut
532 4647 585 4712 vix
607 4647 749 4714 dubitari
771 4649 884 4732 possit,
909 4652 984 4731 quin
1007 4670 1043 4717 re
1066 4672 1143 4718 vera
1165 4653 1286 4719 fontem
1308 4654 1462 4738 Hesychii
1482 4655 1517 4720 in

217 4747 336 4828 glossis
359 4767 399 4814 ex
420 4750 652 4833 Spartanorum
674 4753 772 4820 rebus
795 4756 896 4820 sacris
919 4757 1032 4838 petItis
1055 4757 1264 4839 explanandis
1296 4760 1516 4842 deprehende-

217 4851 326 4916 rimus.
384 4855 475 4932 Quod
498 4876 595 4939 quam
618 4877 729 4927 verum
759 4861 819 4943 sit,
854 4862 954 4926 etiam
987 4862 1116 4927 aliunde
1148 4869 1259 4944 potest
1292 4865 1516 4931 demonstrari.

268 4971 345 5014 Weber
360 4982 443 5026 quaest
457 4977 508 5020 Lac.
1222 4975 1242 5031 4
