3814 5370
872 393 910 454 57

239 583 310 632 cem
332 559 479 634 Λάκωνες
508 565 598 628 recte
629 578 723 627 suum
755 560 859 628 locum
892 567 1003 628 tenere
1038 561 1240 628 demonstrat
1269 580 1341 626 cum
1362 560 1540 626 Pausanias

136 723 138 728 2
240 669 302 754 (ΙΙΙ
325 673 376 751 20,
400 671 429 732 2.
453 670 505 748 21,
530 666 564 746 7)
586 669 656 731 tum
679 665 792 732 titulus
815 666 1027 750 Damononis,
1051 665 1154 732 Roehl
1175 665 1255 732 JGA
1277 671 1328 731 79.

329 777 378 837 14.
424 769 447 834 Γ
457 770 658 854 υμνοπαιδ
671 767 727 831 ία·
750 767 822 832 ἔνιοι
846 767 896 854 μέν
920 771 1024 855 ἑορτὴν
1048 794 1122 856 φασι
1133 769 1360 855 Σπαρτιατικὴν,
1383 770 1412 832 ἐν
1434 761 1454 854 ᾖ
1473 766 1541 840 τοὺς

240 877 372 962 ἐφήβους
393 871 495 960 κύκλῳ
517 873 649 958 περιθεῖν
672 871 720 936 τόν
751 873 781 936 ἐν
801 871 980 961 Ἀμυκλαίῳ
1012 873 1112 962 βωμὸν
1141 872 1300 946 τύπτοντας
1334 875 1474 960 ἀλλήλων
1503 871 1540 936 τά

240 987 329 1044 νῶτα.
364 983 457 1044 ταῦτα
480 979 507 1042 δ’
521 974 583 1041 ἐστὶ
604 979 715 1064 ψευδῆ·
740 978 770 1042 ἐν
792 975 849 1064 γάρ
873 980 968 1065 ἀγορᾷ
990 979 1172 1066 ἑορτάζουσι,
1196 977 1308 1066 πληγαί
1332 977 1365 1044 δὲ
1387 979 1422 1042 οὐ
1443 979 1540 1062 γίνον-

239 1109 302 1166 ται,
327 1082 406 1149 ἀλλά
427 1086 569 1170 πρόσοδοι
590 1089 690 1170 χορῶν
713 1086 960 1171 γεγυμνωμένων.

331 1190 409 1256 Cum
430 1190 482 1256 his
504 1189 657 1272 Hesychii
680 1188 787 1255 verbis
810 1191 968 1276 coniunge
991 1210 1073 1273 quae
1095 1196 1170 1257 sunt
1191 1192 1224 1256 in
1245 1193 1300 1257 BA
1316 1213 1347 1274 p.
1371 1196 1451 1257 234:
1476 1189 1541 1253 Γο-
1599 1225 1601 1230 .

243 1296 407 1379 μνοπαιδ
418 1293 428 1356 ί
435 1317 472 1357 α·
496 1295 526 1358 ἐν
543 1291 665 1379 Σπάρτῃ
689 1291 797 1357 <κατά
809 1293 861 1379 τὴν
878 1293 1024 1381 ἀγοράν)
1043 1298 1146 1367 παῖδες
1158 1295 1263 1381 γυμνοὶ
1281 1300 1407 1369 παιᾶνας
1423 1291 1543 1381 ᾅδοντες

242 1402 383 1487 ἐχόρευον
406 1397 564 1464 Ἀπόλλωνι
585 1403 628 1484 τῷ
644 1395 783 1485 Καρνείῳ
805 1405 881 1462 κατὰ
903 1399 956 1486 τὴν
980 1399 1071 1464 αὐτοῦ
1092 1403 1253 1487 πανήγυριν
1278 1403 1351 1473 <εἰς
1373 1400 1459 1486 τιμὴν
1482 1405 1540 1464 τῶν

246 1507 276 1570 ἐν
300 1505 425 1591 Θυρέαις
448 1505 659 1568 ἀποθανόντων
682 1503 911 1589 Σπαρτιατῶν>

330 1612 371 1676 cf.
393 1630 424 1693 p.
437 1616 477 1676 38
491 1615 524 1676 et
537 1615 633 1691 50sq.
665 1609 881 1693 Amyclaeum,
904 1610 945 1676 do
968 1629 1030 1692 quo
1042 1611 1223 1694 Hesychius
1246 1611 1335 1696 dicit,
1357 1611 1444 1676 idem
1460 1617 1540 1677 tem-

242 1717 329 1798 plum
353 1721 403 1782 est
425 1722 523 1796 atque
545 1714 579 1780 in
600 1713 706 1780 titulis
729 1733 748 1779 a
771 1713 956 1797 Thucydide
980 1715 1022 1799 (V
1047 1721 1086 1782 18
1109 1721 1142 1781 et
1164 1715 1220 1801 23)
1252 1715 1424 1798 descriptis
1455 1734 1540 1781 com·

241 1825 462 1886 memoratum.
515 1819 565 1884 De
595 1818 665 1884 loco
697 1818 739 1884 ad
762 1819 1016 1904 gymnopaedias
1039 1818 1250 1886 celebrandas
1273 1820 1435 1887 destinato
1457 1821 1541 1884 Pau-

239 1925 348 1991 sanias
371 1943 498 2007 quoque
520 1923 701 1990 audiendus
724 1931 776 1989 est
806 1924 867 2008 (ΙΙΙ
893 1931 943 2004 ll,
967 1927 1017 2008 7):
1050 1922 1249 2010 Σπαρτιάταις
1272 1926 1299 1988 δ’
1323 1923 1371 1989 ἐπὶ
1391 1931 1444 2009 τῆς
1467 1925 1542 2008 ἀγο-

241 2034 294 2116 ρᾶς
328 2029 479 2101 Πυθαέως
511 2029 536 2091 τ’
559 2025 635 2090 ἐστίν
663 2024 844 2102 ’Λπόλλωνος
877 2027 927 2093 καί
950 2026 1114 2116 Ἀρτέμιδος
1144 2027 1195 2094 καὶ
1218 2029 1341 2115 Λητοῦς
1373 2028 1541 2114 ἀγάλματα.

242 2133 343 2221 Χορός
367 2135 393 2196 δ’
418 2131 503 2204 οὗτος
527 2134 542 2194 δ
565 2133 653 2204 τόπος
675 2135 810 2198 καλεῖται
832 2139 898 2215 πᾶς,
934 2135 977 2198 δτι
1000 2135 1029 2199 ἐν
1052 2136 1116 2207 ταῖς
1139 2134 1365 2221 γυμνοπαιδίαις
1388 2134 1489 2220 (ἑορτὴ
1514 2133 1541 2197 δ’

240 2238 331 2312 εἴτις
354 2237 431 2323 άλλη
454 2234 504 2299 καί
527 2237 557 2299 αἱ
580 2236 790 2321 γυμνοπαιδίαι
812 2235 862 2301 διά
885 2242 1017 2324 σπουδῆς
1039 2238 1291 2326 Λακεδαιμονίοις
1313 2239 1398 2326 εἰσίν)
1422 2240 1455 2316 ἐνγ
1469 2237 1542 2302 ταίι-

241 2369 306 2417 ταις
328 2343 378 2408 οὖν
403 2344 430 2406 σί
453 2341 565 2428 ἔφηβοι
585 2339 695 2428 χοροὺς
719 2343 815 2405 ἱστᾶσι
837 2350 880 2427 τῷ
902 2341 1071 2410 Ἀπόλλωνι.

329 2453 378 2515 15.
425 2447 623 2532 Δαμσᾶαι·
647 2449 674 2512 oi
697 2445 745 2510 ἐπί
769 2447 939 2522 Μελαντίας
961 2452 1155 2537 πεμπόμενοι.
1190 2449 1345 2523 Λάκωνες.

328 2553 455 2637 δαμόται
477 2554 614 2619 comecit
637 2551 800 2620 tilbertus.
857 2556 922 2621 Aut
952 2556 1086 2623 deloco
1110 2555 1275 2620 ΙΙεΙαντίαι
1298 2555 1462 2639 appellato
1485 2559 1542 2620 aut

241 2657 281 2723 de
305 2657 386 2724 deae
408 2657 554 2738 alicuius,
579 2657 631 2724 cui
654 2656 808 2722 Μελαντία
831 2678 1007 2744 cognomen
1029 2661 1106 2741 fuit,
1129 2660 1205 2727 fano
1228 2669 1279 2727 est
1301 2658 1520 2746 cogitandum.

330 2766 379 2828 16.
424 2760 700 2825 Δεικελισταί·
726 2760 850 2847 μιμηταί
871 2761 953 2848 παρά
975 2762 1113 2829 Λάκωσι.

330 2866 515 2953 δίκηλον·
547 2864 724 2952 ἐκτόπωμα,
758 2866 913 2953 ὁμοίωμα,
948 2866 1086 2952 εἴδωλον,
1119 2868 1255 2956 ἀνδριάς,
1291 2871 1418 2950 (obitos,
1462 2866 1544 2954 παρά

240 2967 395 3037 Λάκωσιν.

329 3075 510 3161 δίκγλον·
533 3071 648 3161 φάσμα,
673 3074 747 3163 ᾶψις,
771 3073 905 3158 εἴδωλον,
931 3076 1059 3163 μίμημα,
1084 3077 1154 3142 όδεν
1176 3075 1227 3142 καὶ
1250 3079 1266 3142 ό
1292 3079 1452 3163 μιμολόγος
1463 3073 1545 3162 παρά

245 3178 375 3247 Λάκωσι
397 3177 620 3267 δικη[ν]λίκτας.

331 3285 370 3353 ci.
386 3306 417 3369 p.
433 3291 484 3353 32.
497 3291 549 3350 45.
593 3284 810 3367 Adponendus
833 3293 884 3354 est
906 3288 1084 3355 scholiasta
1095 3288 1256 3370 Apollonii
1279 3288 1418 3373 (1746):
1440 3284 1545 3350 -καΙ

245 3391 396 3477 δικηλίτας
419 3389 453 3455 δέ
473 3388 541 3462 τοὺς
564 3391 593 3456 ἐν
615 3398 658 3478 τῷ
680 3394 824 3458 σκώπτειν
848 3393 1108 3480 ἀπομιμουμένους
1126 3392 1206 3466 τινάς
1222 3392 1339 3465 σίλλους.
1374 3393 1414 3458 cf.
1427 3393 1543 3458 Athen.

243 3498 317 3567 XIV
341 3503 414 3564 621.
856 3495 858 3498 ’

336 3609 385 3669 17.
430 3601 705 3675 Διονυσιάδες·
735 3605 765 3668 ἐν
788 3602 910 3691 Σπάρτῃ
933 3604 1077 3690 παρθένοι
1099 3605 1130 3667 αί
1152 3603 1181 3668 ἐν
1204 3605 1265 3676 τοῖς
1288 3602 1453 3675 Διονυσίοις
1475 3602 1546 3687 δρό-

249 3734 301 3793 μον
325 3708 552 3792 ἀγωνιζόμεναι.

335 3814 376 3880 ci.
398 3814 494 3880 Paos.
514 3815 563 3878 III
587 3819 637 3894 13,
661 3820 690 3881 5.
735 3815 884 3882 Memeke
906 3816 940 3882 in
962 3815 1098 3882 Theocr.
1120 3814 1227 3882 XVIII
1250 3817 1301 3879 22.

335 3922 385 3984 18.
430 3917 671 4001 Δριωδόνες·
695 3916 761 3981 θεοί
783 3925 864 4005 παρά
886 3917 1138 4003 Λακεδαιμονίοις
1159 3919 1330 4003 τιμώμενοι.

332 4023 452 4088 Parum
473 4021 687 4104 probabiliter
709 4025 872 4092 coniunxit
894 4025 1043 4092 MeIneke
1073 4025 1221 4110 (Theocr.
1245 4024 1353 4092 XVIII
1376 4024 1431 4107 39)
1461 4024 1543 4088 hanc

248 4148 319 4195 cum
341 4127 509 4212 ἐνδριώνας.

212 4285 214 4288 .
338 4237 387 4297 19.
433 4229 676 4316 Δίισμαιναι·
700 4234 730 4296 αἱ
752 4233 782 4297 ἐν
806 4232 928 4320 Σπάρτῃ
950 4233 1097 4320 χορίτιδες
1120 4231 1252 4319 Βάκχαι.

335 4338 404 4405 cod.
428 4335 570 4422 σπάρταις
592 4337 757 4424 χωρίτιδες.
791 4340 967 4422 Perperam
989 4341 1071 4406 hanc
1094 4341 1235 4422 glossam
1257 4339 1300 4405 ad
1321 4339 1474 4404 Pratinae
1496 4338 1545 4403 ia-

250 4444 355 4512 bulaln
379 4441 527 4527 Δόμαιναι
549 4447 568 4527 ἢ
592 4441 779 4529 Καρυάτιδες
802 4446 932 4531 (Athen.
955 4447 1000 4510 IX
1024 4451 1085 4511 392
1110 4447 1149 4529 F)
1180 4445 1325 4510 homines
1348 4444 1435 4509 docti
1455 4451 1544 4510 retu-

251 4551 358 4616 lerunt
391 4548 444 4631 (ci.
468 4547 616 4616 Meineke
639 4551 731 4614 hnal.
756 4551 804 4616 ΑΙ.
829 4551 923 4634 epim.
946 4551 991 4616 VI
1020 4571 1050 4632 p.
1075 4552 1163 4632 360).
1218 4549 1369 4616 Pratinas
1404 4549 1470 4630 egit
1506 4548 1547 4613 de

250 4654 376 4722 iemInis
391 4655 513 4737 Dymae
536 4655 569 4719 in
591 4656 661 4721 vIco
678 4655 815 4737 Spartae
831 4654 1053 4722 habitantibus
1069 4654 1123 4736 (ci.
1138 4654 1214 4720 Hes.
1229 4651 1337 4738 Δύμη
1350 4675 1357 4688 ·
1381 4653 1410 4716 ἐν
1424 4649 1545 4736 Σπάρτῃ

250 4758 330 4845 φυλὴ
352 4756 402 4821 καὶ
423 4759 545 4843 τόπος),
578 4761 729 4826 mulieres
764 4768 872 4826 autem
905 4779 987 4842 quae
1018 4761 1052 4826 In
1073 4759 1193 4826 Bacchi
1221 4759 1375 4826 honorem
1397 4755 1546 4823 saltando

249 4863 463 4948 insaniebant,
485 4864 597 4947 procul
619 4864 717 4932 dubio
740 4864 900 4950 δύσμαιναι
921 4866 1034 4934 audire
1056 4869 1216 4947 poterant.
