3814 5370
995 329 1016 387 8

350 497 396 564 cit
418 497 475 564 Th.
499 498 536 564 Ε.
561 497 742 581 Gierigius‚
777 497 831 578 qui
852 496 887 561 in
908 493 1110 578 praefatione
1134 493 1442 577 apophthegmatum
1465 499 1499 561 et
1519 495 1651 562 institu-

351 607 457 668 torum
478 603 710 668 Laconieorum
733 601 884 667 editionis
906 599 1078 666 maximam
1097 617 1206 665 eorum
1220 604 1350 681 partem
1364 599 1566 682 desumptam
1582 618 1654 667 esse

351 725 388 776 ex
401 702 566 772 Plutarchi
589 706 664 772 vitis
687 703 866 771 affirmavit.
913 704 1005 782 Quod
1019 704 1050 770 ei
1068 704 1181 785 opinor
1198 704 1258 769 hac
1273 704 1477 785 potissimum
1492 704 1533 770 de
1557 721 1656 772 causa

351 811 488 894 accidit,
512 811 587 892 quia
608 811 641 876 in
664 809 848 876 universum
868 809 948 875 illud
972 808 1100 874 edicere
1123 808 1237 874 maluit
1260 807 1524 891 quampluribus
1546 813 1655 876 osten-

352 915 429 980 dere
442 915 476 997 ²).
533 916 617 980 Ate
647 913 865 998 quadraginta
894 912 1018 979 duobus
1049 909 1210 993 capitibus
1241 913 1499 993 quattuordecim
1529 917 1656 980 tantum

352 1038 423 1084 cum
445 1018 618 1086 Plutarcho
641 1023 776 1100 possunt
799 1017 948 1083 conferri.
999 1018 1115 1099 Itaque
1137 1033 1190 1081 res
1215 1017 1398 1082 summatim
1421 1016 1546 1084 absolvi
1568 1017 1655 1084 nullo

351 1122 444 1190 modo
466 1127 593 1205 potest,
628 1121 686 1188 sed
709 1122 838 1206 singula
861 1127 936 1188 sunt
957 1120 1190 1202 percensenda.
1246 1118 1392 1203 Namque
1425 1121 1654 1202 reliqueras,

351 1246 433 1308 quae
456 1246 552 1308 quarn
575 1227 718 1309 proxime
741 1227 900 1292 accedunt
922 1225 964 1292 ad
985 1226 1212 1310 Plutarchum,
1248 1232 1323 1293 sunt
1345 1226 1386 1292 de
1410 1226 1525 1307 quihus
1547 1227 1655 1308 dispu-

350 1333 415 1398 tari
437 1337 597 1414 oporteat,
622 1350 693 1397 cum
717 1331 747 1396 ei
770 1330 824 1412 qui
847 1331 888 1396 ad
901 1332 927 1396 B
941 1329 1149 1396 Plutarchum
1168 1336 1454 1414 excerptoremque
1476 1331 1655 1412 remittunt,

353 1437 386 1502 in
401 1436 628 1516 discrepantiis
644 1435 803 1500 nonnullis
820 1435 906 1500 inter
917 1434 976 1501 hos
991 1434 1269 1502 intercedentibus
1289 1434 1350 1500 niti
1366 1453 1462 1516 posse
1475 1434 1656 1502 videantur.

437 1544 544 1624 Atque
572 1541 709 1621 primum
732 1539 862 1621 quidem
885 1538 969 1620 quod
990 1539 1095 1606 feriam
1120 1539 1450 1606 Lacedaemoniorum
1470 1540 1656 1607 institutum

351 1648 379 1714 si
401 1666 472 1712 cum
494 1645 661 1711 Plutarchi
683 1645 752 1709 loco
776 1644 830 1725 qui
853 1650 903 1709 est
925 1644 959 1709 in
980 1645 1048 1710 vita
1069 1645 1211 1730 Lycurgi
1234 1664 1304 1727 cap.
1331 1650 1369 1710 12
1395 1645 1603 1712 contulimus:

395 1768 502 1852 (Inst.)
537 1766 603 1831 Τῶν
638 1764 671 1828 δὲ
705 1765 853 1828 εἰσιόντων
889 1767 932 1838 εἰς
954 1764 1007 1854 τὰρ
1064 1767 1179 1851 (Plut.)
1194 1773 1252 1830 τῶν
1269 1767 1454 1832 δἐἰοιόντων
1467 1765 1584 1853 ἑκάστῳ
1595 1766 1657 1830 δεί-

352 1873 487 1938 συσσίτια
509 1871 626 1957 ἑκάστῳ
655 1871 795 1936 δεικνύων
821 1874 836 1934 b
859 1869 991 1956 πρεοβύ-
1021 1872 1070 1942 ξας
1100 1872 1115 1932 ὁ
1155 1869 1355 1956 πρεσβύτατος
1391 1874 1443 1944 τὰς
1473 1871 1568 1957 θύρας
1599 1869 1658 1935 Διά

352 2000 439 2047 τατος
471 1974 522 2048 τὰς
551 1975 646 2061 θύρας
670 1975 728 2041 Διὰ
756 1975 867 2040 τούτων
900 1973 990 2061 φησὶν
1019 1973 1130 2038 τούτων
1155 1973 1245 2064 φησὶν
1276 1973 1332 2046 ἔξω
1362 1976 1450 2059 λόγος
1482 1975 1536 2040 ούν
1566 1979 1657 2042 ἐκπο-

352 2077 449 2152 ούδεὶς
472 2081 624 2167 ἐξέρχεται
644 2083 744 2164 λόγος.
1021 2077 1145 2163 ρεύεται.

352 2223 447 2287 quam
469 2205 606 2270 maxime
629 2204 786 2296 favetflilli
809 2202 1000 2268 sententiae.
1046 2201 1130 2267 Nam
1151 2207 1285 2283 praeter
1306 2203 1496 2286 particulam
1513 2202 1546 2268 δὲ
1562 2223 1658 2287 qnam

347 2294 423 2392 quis
447 2328 486 2374 ex
509 2309 673 2374 artissima
696 2308 790 2373 huius
821 2326 893 2372 curn
923 2307 1067 2388 proximo
1099 2305 1183 2372 libro
1213 2308 1435 2374 coniunctione
1468 2328 1509 2374 ne
1538 2310 1657 2376 lineola

351 2414 481 2495 quidem
503 2412 636 2478 turbata
657 2413 760 2494 possit
784 2413 961 2494 explicare,
990 2410 1090 2476 verba
1113 2411 1154 2482 εἰς
1176 2409 1213 2473 τὰ
1236 2411 1371 2476 συσσίτια
1393 2414 1558 2479 Plutarchi
1580 2433 1656 2480 nar·

350 2518 509 2584 rationem
531 2517 761 2598 interpolantia
783 2517 951 2598 ipsumque
975 2515 1097 2581 dictum
1125 2516 1157 2580 in
1180 2514 1362 2582 breviorem
1383 2516 1520 2582 formam
1542 2519 1656 2584 redac-

350 2627 419 2710 tum
441 2620 582 2702 produnt
604 2640 734 2686 manum
756 2621 984 2702 compilatoris.
1030 2618 1126 2685 Nulla
1146 2639 1280 2700 prorsus
1298 2639 1335 2686 re
1349 2627 1495 2688 vetamur
1510 2621 1655 2706 credere,

353 2745 391 2791 ex
412 2725 472 2790 hoc
495 2727 565 2808 ipso
588 2725 753 2791 Plutarchi
782 2725 853 2790 loco
886 2730 1074 2806 excerptum
1096 2742 1168 2790 esse
1193 2725 1406 2791 institutum.
1462 2725 1546 2791 Nam
1568 2727 1655 2809 quis·

351 2831 422 2912 quis
445 2849 485 2895 ex
507 2830 674 2896 Plutarchi
697 2831 885 2895 narratione
908 2830 1059 2895 continua
1092 2831 1270 2910 separatim
1292 2830 1380 2896 volet
1404 2829 1556 2897 exhibere
1577 2831 1659 2898 illud

352 2935 569 3017 enuntiatum,
605 2934 707 3000 addat
728 2953 862 3001 necesse
887 2940 936 3000 est
959 2935 1000 3006 εἰς
1023 2931 1060 2996 τὰ
1082 2933 1226 2997 συσσίτια.
1279 2934 1370 3000 Idem
1393 2953 1471 3000 sane
1494 2936 1658 3002 Lacedae-

351 3039 531 3104 moniorum
553 3040 738 3104 institutum
761 3047 913 3104 narratur
936 3037 1061 3104 duobus
1085 3038 1159 3104 aliis
1181 3039 1261 3104 locis
1285 3058 1305 3104 a
1327 3038 1575 3120 Wyttenbachio
1599 3040 1655 3108 ad·

351 3143 491 3226 notatis,
525 3163 658 3224 quorum
689 3144 773 3208 alter
805 3149 855 3208 est
878 3144 911 3207 in
933 3142 1102 3208 Plutarchi
1124 3141 1366 3224 quaestionibus
1391 3162 1480 3209 conv.
1505 3143 1590 3230 (Vll,
1616 3146 1657 3223 l).

352 3246 416 3313 Ubi
439 3265 511 3312 cum
534 3253 691 3328 exponat,
725 3247 881 3327 optimam
904 3265 976 3312 eam
999 3265 1071 3312 esse
1096 3265 1226 3326 aenam,
1266 3247 1298 3311 in
1331 3265 1394 3328 qua
1424 3267 1497 3314 cum
1519 3249 1659 3314 convivis

353 3353 522 3435 eleganter
545 3358 579 3417 et
602 3351 696 3416 docte
720 3352 855 3433 colloqui
872 3352 980 3430 liceat,
1004 3370 1039 3416 se
1058 3370 1195 3433 suosque
1218 3351 1368 3417 convivas
1388 3352 1436 3417 ita
1456 3354 1659 3419 consuevisse

353 3455 520 3536 disputare
543 3455 631 3534 dicit,
665 3460 701 3520 ut
723 3456 941 3537 unnsquisque
964 3457 1068 3536 possit
1090 3455 1203 3522 audire
1225 3455 1392 3520 τούναντίον
1416 3460 1435 3540 ἢ
1459 3457 1657 3542 Λακεδαιμό-

349 3583 406 3623 νιοι
428 3561 608 3644 φρονοῦντας
630 3555 680 3621 καὶ
702 3558 857 3641 λέγοντας·
887 3561 994 3623 ἐκεῖνον
1016 3557 1067 3643 μὲν
1090 3557 1147 3645 γὰρ
1172 3561 1220 3623 ὅτε
1242 3560 1307 3624 νέον
1330 3565 1350 3644 ἢ
1374 3561 1452 3631 ξένον
1476 3563 1517 3633 εἰς
1540 3560 1573 3624 τὸ
1597 3586 1648 3648 φι-

355 3662 443 3727 δίτιον
467 3661 675 3749 παραλάβωσι,
697 3660 750 3734 τὰς
773 3663 897 3749 θυρίδας
921 3663 1084 3736 δείξαντες·
1123 3663 1224 3750 Ταύτῃ
1246 3663 1335 3750 φασὶν
1360 3665 1413 3729 οὐκ
1432 3665 1584 3752 ἐξέρχεται
1604 3668 1658 3730 λύ-

353 3792 413 3852 γος.
470 3769 507 3832 In
531 3767 646 3850 quibus
670 3769 791 3834 dictum
813 3769 919 3850 ipsum
940 3770 974 3833 in
996 3788 1058 3834 uno
1080 3768 1236 3835 vocabulo
1259 3769 1410 3856 ἐξέρχεται
1439 3771 1572 3852 propius
1607 3791 1660 3838 aa·

353 3873 441 3938 cedit
463 3872 505 3938 ad
529 3873 742 3955 institutum,
767 3891 838 3937 cum
859 3871 952 3957 ταύτῃ
976 3893 996 3938 a
1019 3871 1068 3936 διὰ
1091 3871 1201 3936 τούτων
1225 3875 1398 3956 discrepet.
1452 3875 1516 3941 Sed
1540 3876 1661 3958 quomi-

353 3995 413 4042 nus
435 3977 511 4041 illuc
533 3977 641 4057 potius
665 3976 867 4042 ‘institutum’
891 3995 1092 4061 revocemus,
1117 3997 1189 4044 cum
1211 3979 1276 4044 alia
1296 3983 1366 4044 tum
1387 3979 1531 4044 narratio
1554 3981 1660 4063 prohi-

354 4079 428 4163 bet,
461 4099 543 4163 quae
567 4081 688 4146 dictum
717 4080 888 4147 antecedit.
949 4082 1095 4147 Alterum
1124 4084 1229 4149 locum
1259 4084 1372 4166 (schol.
1396 4084 1430 4149 in
1451 4084 1535 4150 Plat.
1557 4086 1661 4169 leg.l

353 4204 385 4267 p.
401 4186 463 4250 633
476 4184 516 4267 Α)
540 4185 719 4268 longiorem
741 4204 836 4268 quam
859 4185 913 4267 qui
936 4185 1142 4252 adscribatur
1164 4207 1222 4252 nos
1244 4187 1278 4253 in
1300 4188 1361 4253 hac
1385 4188 1574 4270 quaestione
1596 4207 1659 4253 non

355 4306 451 4372 posse
473 4289 583 4353 iuvare
606 4289 687 4355 satis
711 4289 774 4354 erit
795 4287 956 4373 profiteri,
991 4291 1136 4372 quamvis
1168 4292 1369 4374 aliquantum
1390 4293 1473 4359 lucis
1495 4291 1660 4358 veteribus

431 4514 459 4582 1)
477 4513 520 4567 De
548 4513 787 4582 apophthegmatis
813 4515 958 4572 Laconicis
986 4517 1015 4572 C.
1039 4515 1204 4571 Schmidtius
1231 4516 1427 4572 dissertatione
1455 4532 1504 4571 sua
1533 4517 1567 4585 (v.
1587 4532 1613 4584 p.
1633 4515 1662 4582 6)

357 4601 486 4670 ostendit,
506 4609 639 4670 quatenus
658 4618 752 4658 verum
769 4603 869 4659 viderit
889 4605 1036 4674 Gierigius.
1077 4607 1136 4660 Iam
1155 4606 1178 4660 si
1197 4607 1351 4662 memineris
1369 4622 1425 4660 non
1443 4605 1611 4674 peculiarem
1630 4605 1662 4660 li·

357 4693 438 4748 hrum
456 4705 516 4746 esse
534 4691 563 4744 in
581 4691 719 4747 codicibus
738 4693 892 4762 instituted,
921 4694 967 4750 sed
988 4696 1127 4750 artissime
1145 4711 1206 4750 eum
1229 4695 1286 4750 illis
1312 4695 1475 4762 cohaerere,
1505 4695 1589 4749 etiam
1607 4695 1660 4749 hae

359 4781 393 4836 de
412 4795 495 4837 causa
513 4781 678 4850 propensior
697 4783 752 4838 eris
772 4783 806 4838 ad
826 4783 966 4853 vulgatam
985 4784 1141 4854 opinionem
1158 4791 1216 4842 tam
1241 4785 1312 4839 male
1330 4781 1429 4840 fultam
1447 4782 1625 4840 abiciendam.
