3814 5370
877 394 895 456 9
1013 407 1018 416 .

231 567 561 637 Lacedaemoniorum
583 561 683 632 rebus
706 565 937 647 Plutarchiqne
966 564 1053 630 vitae
1075 563 1214 646 Lycurgi
1243 564 1455 633 aestimandis
1478 566 1535 632 ad-

233 680 377 760 spergat.
403 709 442 720 -

318 777 499 846 Secundum
528 775 732 842 ‘institutum’
763 774 790 839 si
820 774 890 856 quis
919 793 1035 840 recens
1058 793 1077 840 a
1101 775 1267 841 Plutarchi
1290 774 1359 857 (vit.
1383 777 1459 858 Lyc.
1486 776 1538 861 12)

230 885 369 950 lectione
393 882 473 964 adit,
497 880 648 947 dubitare
670 884 780 960 potest
802 897 877 944 num
899 897 935 944 re
959 898 1035 945 vera
1053 878 1129 944 inde
1151 878 1280 945 fluxerit
1293 917 1334 926 -
1347 897 1541 962 quamquam

230 986 496 1072 wyttenbachius
527 985 562 1051 id
593 983 767 1051 affirmavit
787 1021 832 1030 —
861 990 997 1067 propter
1018 985 1164 1066 Dionysii
1187 985 1458 1067 Syracusanorum
1490 992 1540 1069 ty·

230 1094 324 1159 ranni
346 1092 553 1157 mentionem.
610 1089 804 1155 Plutarchus
828 1089 913 1154 enim
934 1089 1014 1154 illud
1037 1088 1139 1155 refert
1162 1088 1202 1155 de
1226 1091 1332 1172 aliquo
1355 1109 1433 1175 rege
1458 1092 1539 1156 Pou-

230 1200 296 1266 tico
319 1199 442 1263 dictum
464 1195 592 1260 nomine
616 1194 702 1260 nullo
724 1193 877 1258 indicato.
934 1195 1048 1275 Itaque
1081 1195 1108 1259 si
1134 1194 1374 1260 ‘institutorum'
1398 1202 1495 1277 caput
1519 1203 1537 1261 2

232 1324 250 1370 e
274 1303 343 1369 solo
366 1300 539 1366 Plutarcho
562 1299 714 1364 haustum
737 1303 803 1376 est,
835 1316 949 1362 nomeu
974 1317 1036 1364 non
1059 1303 1189 1379 poterat
1210 1318 1273 1364 non
1297 1300 1420 1366 deesse.
1479 1301 1539 1367 Est

231 1407 335 1492 igitur
357 1407 397 1470 ad
421 1405 541 1471 fontem
564 1403 746 1484 excerptori
769 1421 841 1468 cum
862 1403 1036 1468 Plutarcho
1060 1422 1258 1470 communem
1282 1404 1538 1486 confugiendum,

236 1511 392 1593 quispiam
415 1509 542 1574 dixerit.
589 1509 631 1574 At
652 1509 685 1573 in
708 1526 746 1572 eo
769 1507 844 1589 quid
869 1525 988 1589 quaeso
1011 1506 1074 1573 luit
1097 1509 1276 1590 scriptum?
1321 1511 1368 1575 De
1386 1511 1538 1592 Dionysio

232 1633 287 1681 res
309 1613 506 1679 narrabatur
528 1613 804 1695 Syracusanorum
825 1631 905 1696 rege
928 1631 968 1677 an
993 1613 1125 1678 Pontico
1148 1618 1284 1695 tyranno
1298 1613 1347 1694 ¹)?
1404 1614 1438 1680 Si
1459 1615 1539 1680 illud

231 1720 429 1802 praeplacet,
454 1737 517 1800 quo
540 1716 671 1783 tandem
694 1715 788 1783 modo
811 1718 918 1797 potuit
939 1715 1019 1796 fieri,
1054 1722 1090 1782 ut
1112 1716 1305 1783 Plutarchus
1328 1718 1466 1799 aliquem
1488 1739 1540 1784 re-

232 1841 305 1907 gem
326 1823 496 1888 Ponticum
518 1819 693 1898 scriberet,
717 1821 767 1886 sin
789 1820 867 1899 hoo,
892 1839 954 1902 qua
977 1820 1017 1886 de
1042 1838 1139 1886 causa
1160 1821 1248 1905 regis
1273 1840 1387 1887 nomen
1409 1823 1541 1889 reticuit

232 1926 426 1993 Plutarchus
449 1929 506 1992 aut
529 1943 591 2007 qno
615 1925 684 1991 iure
708 1930 878 2006 excerptor
902 1923 1043 1990 fabulam
1075 1925 1117 1989 ad
1141 1925 1374 2007 Syracusanum
1405 1928 1539 1993 retulit?

232 2031 321 2096 Nihil
342 2032 504 2096 lucramur
527 2028 615 2095 fonte
647 2029 703 2095 illo
727 2029 884 2095 communi
905 2029 1020 2110 posito.
1079 2030 1172 2094 Iuvat
1202 2047 1261 2094 nos
1288 2031 1351 2096 nisi
1381 2029 1476 2097 fallor
1498 2031 1540 2096 ad

233 2137 352 2201 nodum
375 2134 561 2199 solvendum
584 2133 727 2198 narratio
751 2133 900 2199 Tulliana
923 2133 1064 2216 (Tuscul.
1089 2132 1171 2214 disp.
1196 2133 1234 2212 V,
1259 2131 1331 2218 98),
1352 2153 1450 2216 quam
1472 2136 1541 2201 fere

236 2239 372 2306 eandem
394 2239 479 2320 apud
502 2237 677 2304 Stobaeum
700 2237 782 2321 (flor.
808 2242 859 2321 29,
880 2237 954 2320 100)
977 2237 1166 2303 invenimus.
1212 2238 1325 2304 Cicero
1350 2240 1433 2304 enim
1450 2238 1540 2304 ‘Dio-

236 2343 363 2428 nysiam
384 2342 567 2425 tyronanm’
591 2342 694 2408 tradit
715 2360 786 2407 cnm
810 2341 895 2423 apud
918 2341 1101 2424 Spartiatae
1125 2343 1321 2422 cenavisset,
1355 2345 1424 2410 iure
1447 2345 1539 2428 nigro

234 2466 298 2514 non
320 2447 517 2513 delectatum
539 2463 628 2512 esse:
663 2446 744 2510 Tam
766 2447 795 2510 ia
816 2446 870 2528 qui
892 2445 951 2510 ella
972 2452 1116 2511 coxerat:
1150 2447 1286 2512 Minime
1308 2448 1440 2531 miram,
1471 2467 1541 2512 aon-

235 2552 375 2618 dimenta
398 2553 480 2616 caim
502 2551 680 2633 defuerant.
725 2549 812 2630 Quae
833 2551 988 2616 landem?
1011 2551 1116 2632 iaqaa't
1135 2551 1198 2615 ille.
1243 2552 1350 2616 Labor
1372 2553 1405 2616 in
1418 2559 1542 2630 uenata,

235 2657 350 2740 cador,
385 2675 497 2721 cursus
519 2657 562 2722 od
583 2655 759 2736 Eurotam,
780 2656 901 2737 sames,
924 2655 1015 2735 sitis,-
1049 2656 1099 2720 bis
1121 2655 1204 2720 enim
1225 2656 1317 2721 rebus
1339 2657 1543 2723 Lacedaemo-

235 2763 362 2827 niorum
385 2761 493 2841 malac
515 2760 718 2825 condiantur.
762 2760 922 2826 Dissentit
940 2780 960 2825 a
977 2760 1082 2826 Tullio
1105 2763 1329 2842 consentitque
1352 2762 1447 2828 simul
1470 2783 1543 2829 cnm

237 2866 406 2932 ‘instituto'
430 2870 464 2930 et
485 2863 660 2930 Plutarcho
684 2862 842 2930 Stobaeus
865 2865 898 2929 in
920 2883 958 2930 eo
986 2869 1112 2930 tantum
1142 2865 1228 2946 quod
1257 2885 1277 2930 a
1306 2885 1384 2950 rege
1407 2885 1543 2949 coquum

239 2971 328 3037 illum
351 2975 493 3051 emptum
516 2987 588 3034 esse
611 2973 732 3034 narrat.
757 3005 798 3014 —-
822 2968 910 3046 Quae
934 2969 962 3035 si
985 2969 1159 3053 diligenter
1179 2971 1444 3051 reputaverimus,
1475 2992 1543 3038 ma-

239 3073 391 3140 nilestum
414 3080 465 3139 est
497 3073 699 3139 notissimam
727 3071 890 3154 prioribus
921 3078 995 3139 ante
1026 3080 1060 3139 et
1087 3079 1161 3155 post
1184 3074 1241 3140 Ch.
1266 3094 1295 3139 n.
1330 3076 1468 3141 saeculis
1503 3076 1542 3143 de

239 3197 339 3260 coquo
352 3177 608 3244 Lacedaemonio
630 3175 774 3244 fabulam
796 3176 907 3260 luisse,
932 3197 1065 3260 cumque
1088 3180 1241 3261 pleraque
1257 3178 1542 3263 famaDionysium

238 3299 309 3350 rum
332 3300 432 3365 coquo
455 3283 510 3348 illo
533 3301 601 3348 rem
617 3281 769 3348 habuisse
783 3281 895 3361 ferret,
917 3282 950 3346 in
964 3282 1132 3348 Plutarchi
1146 3282 1235 3349 fonte
1249 3304 1429 3350 sermonem
1442 3284 1542 3352 fuisse

238 3387 277 3453 de
299 3388 433 3453 Pontico
457 3387 563 3470 aliquo
587 3406 674 3470 rege.
732 3387 825 3453 Hunc
856 3388 1014 3454 incertum
1037 3407 1109 3454 esse
1132 3389 1235 3453 noluit
1264 3390 1416 3455 collector
1440 3391 1542 3457 ‘insti-

237 3493 401 3574 tutorum',
424 3511 486 3574 qua
511 3491 551 3556 de
575 3510 672 3558 cansa
696 3497 752 3556 aut
775 3511 814 3556 ex
836 3492 972 3575 vulgari,
999 3491 1182 3558 scholarum
1204 3492 1355 3574 fortasse,
1377 3493 1464 3560 lama
1486 3502 1544 3562 aut

240 3614 258 3662 e
281 3595 363 3662 libro
386 3597 511 3679 aliquo,
543 3615 606 3678 quo
636 3596 734 3662 etiam
766 3596 807 3661 ad
835 3596 1013 3677 aagendam
1037 3597 1202 3662 Plutarchi
1225 3600 1443 3665 narrationem
1466 3619 1542 3666 usus

238 3718 309 3767 esse
332 3707 458 3782 potest,
480 3701 670 3783 Dionysium
691 3707 802 3768 uotum
825 3719 935 3783 regem
956 3701 1123 3766 Plutarchi
1145 3700 1252 3768 verbis
1274 3703 1417 3770 intrusit.

317 3965 344 4035 1)
363 3965 462 4020 Procul
480 3965 562 4021 dubio
581 3967 709 4034 primitus
729 3966 820 4022 fuerat
838 3968 906 4022 hacc
925 3966 1019 4021 fabula
1038 3965 1213 4036 deDionysio
1233 3966 1281 4022 illo
1301 3983 1378 4034 quem
1392 3967 1544 4023 Heracleae

242 4053 319 4109 urbis
338 4055 469 4109 Ponticae
487 4062 632 4124 tyrannum
651 4055 736 4111 fnisse
754 4057 982 4111 Wilamowitzius
1008 4073 1049 4111 me
1068 4055 1176 4124 docuit,
1207 4057 1314 4110 homine
1343 4055 1422 4124 gulae
1451 4057 1543 4112 dedito

244 4143 290 4214 (cf.
309 4143 390 4197 Diod.
408 4143 481 4210 XVI,
500 4146 543 4211 88,
562 4145 622 4212 XX,
641 4149 684 4199 77.
731 4145 865 4215 Nymphis
884 4161 929 4213 ap.
949 4146 1048 4200 Athen.
1068 4145 1128 4213 XII,
1148 4147 1201 4200 549
1219 4145 1256 4215 b).
1306 4145 1359 4198 Sed
1385 4144 1544 4200 iamdudum

243 4238 307 4286 ante
326 4231 503 4286 Plutarchum
522 4234 562 4286 ita
581 4234 794 4302 degeneraverat
813 4233 916 4302 labala,
936 4241 966 4289 ut
985 4235 1034 4288 alii
1051 4233 1124 4301 (fons
1137 4234 1292 4302 Plutarchi)
1311 4250 1372 4288 eam
1385 4234 1419 4288 de
1438 4235 1544 4290 incerto

241 4321 334 4388 aliquo
359 4336 424 4388 rege
442 4321 557 4376 Pontico
586 4323 634 4376 alii
662 4323 696 4377 de
714 4323 847 4393 Dionysio
867 4323 1100 4394 Syracusanorum
1127 4331 1244 4392 tyranno
1263 4329 1419 4378 narrarent.
1473 4323 1544 4377 Nam

241 4424 404 4478 quamquam
422 4409 518 4464 Cicero
537 4411 606 4464 nihil
626 4412 679 4466 nisi
699 4428 795 4467 nomeu
815 4419 897 4481 atque
917 4412 1079 4479 dignitatem
1097 4412 1216 4478 exhibet,
1235 4420 1327 4467 tamen
1340 4428 1399 4466 eum
1415 4417 1443 4466 ct
1454 4413 1543 4479 ipsum

242 4495 276 4552 de
295 4498 468 4567 Syracusano
494 4501 659 4567 cogitavisse
688 4501 791 4569 optimo
818 4502 878 4554 iure
907 4501 986 4556 nobis
1017 4501 1138 4555 videmur
1164 4516 1331 4556 asseverare.
1380 4501 1543 4556 Plutarchus

239 4593 330 4642 autem
356 4588 402 4640 vix
429 4589 484 4641 τινὰ
503 4595 555 4641 τῶν
575 4587 706 4644 Ποντικῶν
726 4591 848 4662 βασιλέων
878 4590 1009 4658 dixisset,
1038 4589 1091 4644 nisi
1119 4605 1216 4644 nomeu
1234 4590 1308 4645 illius
1326 4591 1489 4658 ignorasset.
1508 4620 1544 4629 -

239 4675 366 4730 Ceterum
383 4677 553 4731 emendanda
572 4688 636 4732 sunt
654 4680 739 4734 verba
763 4680 902 4750 anonymi:
931 4679 1080 4734 Plutarcho
1105 4679 1173 4732 duco
1198 4680 1348 4735 scribemus
1371 4711 1398 4720 -
1422 4678 1488 4733 ὥστε
1507 4681 1544 4752 μὴ

238 4763 354 4835 κρεαδίου
372 4764 468 4818 δεῖσθαι
497 4767 556 4825 τοὺς
581 4769 762 4840 πρεσβυτέρους
791 4775 952 4842 παραχωρεῖν
981 4767 1008 4822 δὲ
1025 4775 1094 4826 τοῖς
1113 4769 1303 4827 νεανίσκοις
1322 4775 1405 4836 atque
1423 4769 1474 4822 sub
1492 4767 1545 4823 flue

238 4851 397 4920 legendum:
418 4883 448 4894 —-
471 4858 661 4928 γυμνασάμενον
680 4853 839 4918 Λακωνικῶς
858 4858 966 4917 <καὶ>
984 4864 1021 4929 τῷ
1041 4853 1151 4931 Εὐρώτα
1169 4857 1328 4930 λιλαυμάναν.
