3814 5370
995 349 1034 415 lt

358 521 586 588 inescatione
611 527 668 588 aut
690 521 723 586 in
745 520 846 587 sacris
869 519 1029 586 faciundis
1052 527 1147 586 erant
1175 517 1348 586 offerendis
1378 520 1550 588 adduntur.
1607 521 1664 589 Se·

360 631 500 709 quuntur
522 627 618 693 haec:
641 627 717 712 ἦσαν
740 623 774 689 δὲ
795 622 881 711 χοροί
902 625 979 709 τρεῖς
1001 622 1083 709 παρὰ
1104 622 1243 705 Λάκωσι,
1266 625 1358 706 νέων,
1384 625 1510 711 ἀνδρῶν,
1534 627 1666 712 πρεσβυ-

358 737 434 810 τῶν,
464 729 514 794 καί
544 722 616 817 ᾖδον
648 732 674 794 oi
699 728 750 814 μὲν
774 729 926 813 γέμοντες·
954 726 1066 812 Ἡμεῖς
1088 729 1153 792 ποτ’
1175 729 1251 814 ἦμεν
1276 727 1396 814 ἄλκιμοι
1417 731 1547 811 νεανίαι,
1584 732 1611 794 οἱ
1631 728 1664 794 δὲ

359 835 521 899 νεανίσκον
542 833 654 920 Ἡμεῖς
677 835 710 898 δέ
733 836 760 918 γ’
784 831 891 918 ἐσμὲν·
914 838 951 918 ἢν
976 831 1011 896 δὲ
1033 835 1088 919 λῇς
1110 835 1213 918 πεῖραν
1236 833 1320 919 λαβέ.
1359 836 1455 898 ὁτῶν
1479 834 1594 898 παίδων
1612 833 1664 898 δὲ·

355 935 467 1025 Ἡμεῖς
490 939 524 1002 δέ
546 943 574 1024 γ’
597 941 770 1024 ἐσσόμεσίία
792 940 894 1023 πολλῷ
916 938 1093 1022 κρείσσονες.
1141 939 1225 1004 Ecce
1248 940 1336 1020 ipsos
1359 940 1399 1006 de
1430 939 1545 1022 quibus
1568 959 1665 1023 quao-

358 1047 458 1111 rimus
488 1064 600 1111 versus
633 1050 731 1126 atque
759 1044 812 1109 hic
841 1062 966 1125 quoque
998 1043 1170 1110 lectionem
1197 1045 1300 1128 πεῖραν
1330 1043 1405 1129 λαβέ
1428 1063 1490 1111 non
1513 1045 1664 1128 αὐγάσδεο

359 1157 530 1216 servatam.
576 1149 646 1226 Qua
669 1155 843 1229 antequam
866 1148 913 1214 uti
936 1148 1106 1230 possimus,
1129 1166 1324 1228 quaeramus
1346 1167 1479 1215 necesse
1503 1155 1565 1233 est,
1587 1149 1665 1230 quid

358 1255 399 1319 de
423 1259 555 1319 auctore
577 1254 678 1319 totius
700 1252 814 1318 scholii
837 1251 881 1316 sit
904 1251 1175 1336 investigandum.
1232 1254 1299 1318 lam
1331 1254 1372 1319 dc
1395 1255 1541 1321 Platonis
1572 1254 1664 1320 scho-

359 1359 472 1424 liorum
506 1356 649 1423 lontibus
684 1357 866 1438 nuperrime
896 1363 971 1438 post
1001 1357 1220 1423 Mettauerum
1249 1356 1393 1442 (dissert.
1426 1359 1531 1424 Turio.
1567 1358 1663 1442 1816)

359 1463 523 1546 egregiam
556 1463 687 1542 scripsit
717 1462 1018 1526 commentationem
1042 1461 1224 1544 Leopoldus
1247 1463 1336 1528 Oolm
1370 1465 1417 1545 (in
1440 1463 1663 1544 supplemento

358 1567 447 1631 XlII.
472 1566 634 1631 annalium
656 1566 797 1650 philol),
832 1566 886 1648 qui
909 1564 1094 1632 felicissime
1117 1585 1169 1632 me
1192 1568 1320 1649 quidem
1343 1565 1467 1633 arbitro
1491 1574 1604 1634 conus
1624 1567 1663 1632 il-

359 1672 425 1735 lum
446 1671 557 1749 evicit,
591 1671 714 1736 scholia
737 1670 905 1735 Platonica
934 1672 1016 1736 satis
1046 1671 1141 1753 longa
1174 1679 1353 1752 temporum
1386 1673 1470 1738 serie
1502 1691 1522 1738 a
1552 1672 1662 1738 multis

359 1774 545 1840 auctoribus
567 1775 859 1856 diversissimisque
888 1773 1032 1841 lontibus
1064 1775 1219 1841 adhibitis
1250 1776 1291 1840 ad
1323 1777 1356 1841 id
1386 1776 1516 1842 demum
1546 1795 1663 1858 corpus

359 1885 456 1945 aucta
490 1897 562 1944 esse
595 1878 679 1961 quod
709 1898 791 1944 nunc
821 1884 978 1945 tenemus.
1040 1879 1104 1945 Sed
1135 1885 1251 1945 neuter
1273 1879 1314 1946 de
1337 1879 1397 1946 hoc
1420 1880 1542 1946 scholio
1562 1878 1663 1946 verbe

358 1982 447 2067 lecit,
471 2002 571 2066 quare
594 2002 651 2049 nos
674 1984 736 2064 ipsi
759 1984 836 2065 quid
858 1985 905 2048 rei
929 1983 974 2049 sit
994 1983 1170 2050 videamus.

386 2103 388 2108 ·
446 2089 492 2154 Ac
514 2089 651 2170 primum
672 2089 706 2152 in
728 2089 900 2169 propatulo
921 2092 973 2153 est
996 2088 1036 2152 de
1059 2088 1181 2154 scholio
1204 2087 1290 2169 quod
1311 2088 1478 2155 vocaveris
1501 2105 1663 2172 gramma·

358 2193 424 2258 tico
447 2212 509 2258 non
534 2211 606 2259 esse
629 2192 843 2273 cogitandum.
887 2190 960 2257 Non
982 2193 1067 2257 enim
1091 2193 1261 2273 explicatio
1284 2194 1371 2259 vocis
1394 2191 1525 2262 ξυσσίτια
1543 2191 1662 2258 estad·

358 2299 479 2379 scripta
501 2298 559 2363 sed
583 2297 758 2378 descriptio
781 2296 889 2377 potius
912 2297 1053 2361 instituti
1075 2297 1211 2362 alicuius
1233 2298 1354 2363 veteris
1376 2297 1537 2363 Laconici.
1583 2296 1661 2362 Ἐο-

358 2403 431 2469 dem
461 2421 539 2468 vero
573 2401 613 2466 de
636 2419 734 2467 causa
756 2419 797 2466 nc
819 2401 1128 2485 paroemiographus
1152 2402 1281 2482 quidem
1303 2403 1392 2468 velut
1415 2402 1556 2468 Lucillus
1581 2402 1660 2467 Tar·

357 2508 486 2586 rhaeus,
510 2507 561 2572 cui
582 2506 744 2586 permulta
762 2504 804 2571 de
820 2504 999 2586 proverbiis
1017 2525 1037 2570 a
1054 2507 1230 2572 scholiasta
1240 2507 1408 2573 Platonico
1424 2507 1534 2572 adlata
1545 2506 1661 2571 Warn·

358 2613 498 2678 orossius
521 2611 575 2693 (de
598 2611 896 2692 paroemiographis
918 2611 1027 2692 capita
1051 2610 1123 2676 duo.
1148 2611 1224 2678 diss.
1250 2612 1427 2695 Gryphisw.
1455 2617 1568 2695 1881),
1593 2629 1659 2676 οια-

357 2718 412 2782 nia
434 2735 492 2783 suo
514 2717 584 2782 iure
608 2715 748 2782 Oohnius
771 2715 962 2794 vindicavit,
986 2720 1099 2781 auctor
1122 2734 1194 2782 esse
1216 2722 1344 2798 potest,
1368 2718 1485 2799 quippe
1508 2734 1579 2783 cum
1600 2733 1659 2781 nec

357 2823 429 2889 vola
452 2841 511 2888 nec
532 2822 704 2905 vestigium
728 2821 814 2887 adsit
836 2821 869 2885 in
891 2821 1022 2899 scholio,
1046 2820 1131 2902 quod
1153 2822 1212 2886 hos
1230 2840 1342 2888 versus
1362 2823 1427 2886 iam
1441 2827 1510 2888 tum
1527 2823 1560 2886 in
1573 2820 1659 2902 volgi

356 2946 393 2994 os
417 2926 536 2993 abiisse
559 2926 746 3008 patefaciat.
791 2927 905 3006 Itaque
929 2925 1072 2992 dubitari
1094 2927 1221 2992 omnino
1244 2945 1307 2992 non
1330 2927 1506 3008 poterit-
1520 2926 1554 2990 id
1575 2925 1658 3008 quod

356 3032 501 3114 quisquis
523 3033 583 3098 hoo
614 3032 755 3096 scholion
778 3031 957 3114 perlegerit
989 3031 1226 3112 suspicaturum
1260 3050 1332 3097 esse
1356 3031 1498 3098 arbitror
1518 3031 1661 3113 —quin

355 3155 395 3202 ex
416 3136 570 3203 historico
592 3134 681 3201 fonte
703 3141 792 3200 totus
815 3136 903 3200 locus
925 3135 959 3199 in
989 3135 1113 3200 scholia
1138 3136 1327 3200 manaverit.
1384 3137 1451 3218 Age
1480 3135 1583 3220 igitur
1610 3135 1659 3200 in·

355 3241 743 3326 vestigemus-auctorem
764 3239 854 3305 illum
877 3239 1074 3304 historicum.
1121 3240 1225 3321 Atque
1247 3260 1311 3305 non
1335 3239 1492 3307 absonum
1513 3241 1591 3305 mihi
1613 3242 1659 3305 vi-

357 3345 475 3412 deatur
496 3345 524 3411 si
548 3346 619 3426 quis
641 3345 849 3410 Plutarchum
872 3344 966 3409 huius
998 3343 1111 3409 scholii
1141 3349 1307 3410 auctorem
1340 3364 1376 3412 sc
1409 3345 1660 3427 deprehendisse

356 3450 551 3531 pronuntiet.
596 3449 722 3515 Revera
745 3450 830 3515 enim
846 3448 952 3514 omnia
970 3467 1052 3530 quae
1069 3449 1171 3515 refert
1185 3450 1371 3532 scholiasta,
1395 3451 1547 3536 leguntur
1562 3447 1660 3516 etiam

354 3555 388 3618 in
410 3573 510 3620 cenae
534 3555 709 3620 communis
732 3555 940 3636 expositione,
964 3572 1046 3634 quae
1070 3560 1160 3619 extat
1178 3553 1264 3635 apud
1278 3554 1486 3620 Plutarchum
1500 3555 1569 3640 (vit.
1582 3555 1657 3636 Lye.

358 3660 421 3743 12).
475 3660 519 3724 nt
547 3664 656 3724 tamen
685 3658 790 3724 tribus
818 3659 1020 3740 potissimum
1044 3659 1245 3743 argumentis
1266 3657 1457 3742 prohibeor,
1492 3660 1659 3742 quominus

354 3764 396 3831 ed
419 3764 626 3831 Plutarchum
649 3764 793 3831 scholion
815 3764 894 3830 illud
917 3782 1074 3830 revocem.
1129 3764 1271 3830 Primum
1301 3765 1385 3829 enim
1410 3783 1481 3830 cum
1504 3765 1579 3830 deni
1600 3765 1657 3830 ho·

352 3870 455 3936 mines
478 3869 653 3936 secundum
676 3869 885 3935 scholiastam
908 3869 963 3934 uni
978 3866 1109 3934 tabulae
1123 3868 1360 3947 accumberent,
1383 3869 1557 3936 Plutarcho
1571 3874 1657 3937 teste

352 3974 427 4040 deni
450 3974 537 4057 quini
560 3975 620 4040 viri
642 3993 741 4040 cenae
766 3972 1010 4039 contubernium
1032 3973 1190 4056 inierunt,
1222 3975 1274 4038 vel
1302 3992 1366 4040 non
1395 3974 1495 4040 multo
1517 3976 1658 4042 minores

353 4078 511 4158 pluresve.
555 4078 681 4144 Deinde
704 4097 780 4142 vero
803 4078 836 4142 in
857 4077 990 4159 tributo,
1015 4079 1097 4159 quod
1120 4078 1257 4162 singulis
1278 4078 1312 4143 in
1343 4098 1540 4145 communem
1565 4098 1657 4146 usum

354 4180 552 4249 afferendum
574 4187 662 4266 erat,
686 4183 862 4249 scholiasta
885 4180 987 4248 refert
1011 4181 1165 4265 φοίνικας,
1201 4181 1340 4249 fructum
1362 4184 1472 4250 nescio
1494 4185 1584 4251 cuius
1606 4204 1658 4252 ar·

351 4285 505 4352 boris-
528 4307 604 4354 nam
627 4288 667 4354 de
690 4288 817 4370 palmae
848 4285 1008 4353 fructibus
1030 4287 1063 4351 in
1086 4287 1330 4354 Lacedaemone
1353 4308 1414 4355 non
1439 4293 1490 4354 est
1512 4290 1657 4375 cogitau-

352 4391 428 4458 dum
440 4391 465 4474 ¹)
487 4429 530 4440 —
552 4413 572 4458 a
594 4393 768 4459 Plutarcho
792 4392 960 4475 omissum,
993 4392 1048 4474 qui
1076 4397 1189 4458 contre
1217 4393 1340 4459 rectius
1371 4393 1451 4459 dicit
1471 4393 1512 4460 de
1534 4393 1658 4462 ficubus

427 4619 558 4690 1)Atin
576 4619 715 4674 Messenia
734 4619 842 4688 palmae
867 4618 949 4674 hodie
974 4623 1072 4672 extent
1098 4616 1204 4673 feraces
1229 4617 1338 4688 frugum
1366 4634 1432 4675 sane
1459 4619 1579 4674 exilium.
1625 4618 1660 4674 of.

351 4705 494 4763 Neomann
513 4715 541 4762 et
558 4708 690 4776 Pertsch‚
708 4707 914 4779 Physicalische
933 4705 1108 4776 Geographie
1126 4723 1179 4762 von
1197 4705 1407 4762 (iriechenlsnd.
1444 4707 1561 4763 Breslau
1581 4707 1659 4766 188⁶.

352 4814 379 4870 p.
398 4799 449 4852 411
470 4814 511 4867 sq.
530 4805 557 4855 et
575 4798 664 4867 Helm,
682 4795 912 4868 Kulturpdsuaeu
929 4796 986 4852 und
1004 4796 1164 4852 Haustiere⁴
1184 4799 1252 4852 1883
1271 4813 1298 4867 p.
1317 4799 1378 4852 218.
