3814 5370
1041 368 1082 431 20

412 541 499 613 Fieri
522 539 605 617 enim
627 543 749 628 potuit,
783 545 820 608 ut
841 537 987 608 ultimum
1015 538 1095 605 illud
1125 538 1325 604 enuntiatum
1356 555 1395 602 cx
1424 534 1512 602 fonte
1535 533 1639 603 altero
1661 533 1710 603 eis

412 653 617 730 adnecteret,
641 668 722 732 quae
745 667 784 714 ex
805 646 978 714 Plutarcho
1000 643 1222 711 transtulerat.

497 754 579 822 Nam
602 773 641 820 ea
664 753 704 819 de
727 751 840 835 quibus
865 751 970 818 adhuc
1002 749 1142 817 disserui
1176 747 1216 815 ab
1250 753 1438 831 excerptore
1471 766 1509 813 ex
1539 747 1610 828 ipso
1632 745 1709 812 Plu-

412 864 525 931 tarcho
548 864 665 928 hausta
694 877 766 926 esse
795 876 845 924 me
876 856 1146 923 demonstravisse
1170 854 1320 920 arbitror.
1377 853 1466 932 Quae
1501 854 1585 919 enim
1619 852 1711 918 aliud

413 974 565 1054 poterant
586 966 732 1049 suadere,
756 983 818 1031 non
843 968 969 1029 tantum
989 964 1098 1030 valere
1121 961 1257 1041 ostendi,
1280 966 1317 1027 ut
1333 966 1523 1046 argumenta
1544 960 1577 1024 in
1598 957 1712 1022 limine

412 1075 505 1141 huius
528 1092 623 1156 quam
648 1071 842 1138 absolvimus
864 1069 1091 1151 disputationis
1114 1075 1244 1135 nostrae
1266 1068 1370 1151 partis
1393 1067 1503 1133 adlata
1518 1064 1710 1148 infringant.

411 1181 525 1263 Itaque
547 1179 581 1244 in
603 1178 666 1244 illis
687 1177 774 1242 nisus
796 1175 904 1258 capita
926 1173 966 1240 de
989 1172 1102 1256 quibus
1126 1173 1200 1257 dixi,
1235 1172 1325 1239 flocci
1348 1171 1496 1238 iacienda
1518 1189 1589 1237 esse
1612 1188 1710 1255 nego,

414 1285 562 1368 qnoniam
585 1282 707 1349 fontem
729 1281 813 1348 unde
834 1284 1045 1346 manaverunt
1067 1280 1169 1361 ipsum
1193 1279 1291 1344 etiam
1317 1277 1464 1344 manibus
1486 1283 1641 1344 tenemus.

500 1389 617 1455 Cetera
648 1387 756 1469 capita
767 1386 792 1471 ¹)
826 1386 922 1452 aliam
958 1383 1079 1451 habere
1109 1384 1263 1467 originem
1291 1384 1508 1466 unusquisque
1537 1381 1711 1463 intellegit.

413 1495 477 1562 Sed
499 1495 587 1560 nulla
610 1497 761 1576 quantum
784 1491 876 1557 video
899 1509 934 1556 re
956 1508 1124 1572 possumus
1147 1489 1236 1574 cogi,
1267 1494 1304 1555 ut
1326 1493 1546 1572 excerptorem
1568 1507 1585 1554 e
1608 1489 1710 1570 pluri-

414 1599 475 1666 bus
498 1597 622 1666 duobus
645 1596 785 1664 fontibus
807 1596 954 1662 hausisse
977 1599 1175 1677 statuamus,
1201 1613 1333 1676 quorum
1355 1613 1450 1661 unum
1474 1593 1709 1680 (Plutarchum)

413 1705 476 1787 ipsi
499 1705 652 1770 adeamus
673 1702 767 1786 licet,
790 1703 874 1768 alter
896 1701 1001 1766 adhuc
1022 1701 1112 1766 latet.
1158 1701 1310 1766 Fortasse
1331 1700 1453 1783 poterit
1473 1699 1632 1784 indagari,
1655 1701 1708 1767 hic

413 1810 486 1877 fons
507 1815 613 1876 utrum
635 1807 767 1891 limpido
788 1805 916 1873 flumine
938 1805 1065 1872 fluxerit
1087 1805 1171 1872 unde
1194 1825 1265 1872 cum
1294 1807 1458 1888 voluptate
1488 1810 1586 1888 atque
1622 1825 1707 1872 com·

414 1915 508 1981 modo
530 1918 640 1980 nostro
663 1910 809 1978 bibamus
832 1931 872 1978 an
896 1911 1001 1977 aliena
1023 1929 1130 1977 secum
1155 1910 1291 1994 duxerit,
1324 1930 1406 1993 qnae
1429 1916 1627 1993 quantopere
1649 1931 1705 1978 na-

413 2026 520 2087 turam
541 2037 631 2085 suam
654 2017 851 2083 servaverint
874 2015 937 2080 dici
959 2020 1108 2097 nequeat.
1154 2016 1258 2097 Atque
1279 2023 1442 2083 auctorem
1457 2016 1548 2082 illum
1562 2017 1706 2102 ignotum

414 2143 453 2190 ex
475 2124 640 2190 Herodoto
663 2128 696 2189 et
717 2122 929 2203 Xenophonte
956 2121 1108 2186 nonnulla
1138 2121 1286 2187 attulisse
1315 2141 1411 2204 supra
1442 2123 1581 2204 exposui.
1635 2123 1704 2190 Non

412 2229 513 2314 igitur
536 2227 691 2294 abstinuit
714 2227 827 2293 alienis
850 2224 973 2307 opibus.
1018 2226 1131 2306 ltaque
1149 2244 1230 2290 nune
1253 2227 1413 2310 agendum
1438 2234 1488 2294 est
1511 2228 1633 2295 deiide
1656 2249 1704 2295 eo·

413 2353 483 2400 rum
514 2333 670 2415 capitum,
704 2348 785 2412 quae
809 2331 847 2395 ad
872 2334 995 2395 certum
1018 2331 1157 2411 aliquem
1190 2335 1353 2396 auctorem
1381 2335 1526 2399 revocari
1548 2353 1608 2400 non
1629 2353 1699 2415 pos-

415 2446 498 2508 sunt.
544 2438 625 2516 Quia
647 2441 755 2502 autem
777 2436 939 2519 plerisque
961 2435 1163 2501 necessitudo
1191 2435 1298 2518 aliqua
1321 2455 1393 2503 cum
1415 2438 1549 2504 aliorum
1571 2438 1694 2518 scripto-

414 2564 485 2612 rum
506 2544 585 2610 locis
607 2541 789 2624 intercedit,
811 2541 933 2606 maiore
956 2540 1148 2607 confidentia
1169 2539 1265 2607 fidem
1288 2560 1369 2623 quae
1393 2542 1436 2607 sit
1455 2541 1695 2626 excerptoriha·

412 2649 520 2716 benda
542 2646 802 2716 examinabimus.

500 2753 665 2836 incapite
688 2759 706 2820 9
731 2752 971 2834 compilatorem
993 2750 1165 2818 admodum
1187 2751 1312 2833 lapsum
1335 2771 1424 2836 esse,
1459 2772 1530 2819 cum
1553 2755 1633 2820 duas
1653 2771 1704 2819 res

415 2861 495 2930 satis
519 2860 662 2925 diversas
684 2860 769 2924 inter
791 2877 826 2923 se
847 2858 1067 2940 permisceret,
1091 2856 1356 2939 Wyttenbachius
1373 2857 1547 2924 adnotavit.
1594 2859 1706 2924 Tradit

415 2967 486 3034 ille:
510 2962 550 3029 Εἴ
568 2988 610 3036 τις
633 2961 791 3049 φωραθείη
816 2959 1002 3047 ἁμαρτάνων,
1026 2960 1087 3024 ἔδει
1107 2965 1207 3026 τοῦτον
1232 2963 1332 3047 βωμόν
1354 2984 1419 3026 τινα
1440 2967 1497 3026 τῶν
1520 2964 1602 3050 ivr-ip
1623 2965 1706 3027 πόλει

414 3073 514 3159 κύκλῳ
536 3069 693 3157 περιϊέναι,
725 3071 816 3156 ψόγον
840 3065 948 3154 ᾄδοντα
970 3068 1166 3156 πεποιημένον
1189 3070 1230 3140 εἰς
1253 3070 1373 3133 ἑαυτόν·
1397 3071 1468 3156 ὅπερ
1491 3071 1526 3156 ἧν
1544 3069 1628 3134 οὐδὲν
1643 3069 1707 3134 ἕτε-

416 3202 464 3264 ρον
487 3181 507 3262 ἢ
531 3177 715 3259 ἐπιπλήττειν
738 3172 824 3238 αὐτὸν
849 3175 955 3260 ἑαυτῷ.
1011 3173 1119 3239 Verba
1153 3170 1180 3236 εἴ
1206 3197 1248 3246 τις
1270 3175 1435 3260 ζφωραθείη
1468 3172 1644 3260 ἁμαρτάνων
1667 3174 1708 3240 de

416 3281 559 3367 quolibet
591 3285 725 3363 peccato
759 3280 975 3361 intellegenda
1007 3297 1078 3345 esse
1107 3284 1199 3362 patet
1233 3278 1285 3365 (ci.
1317 3286 1429 3363 cap.8
1464 3282 1480 3343 ὁ
1515 3279 1547 3344 δὲ
1578 3281 1618 3366 μὴ
1644 3282 1711 3345 ἐπι-

415 3389 551 3474 πλήττων
573 3388 716 3471 παρόντος
739 3385 829 3450 αὐτοῦ
852 3384 1072 3472 ἁμαρτάνοντα,
1107 3384 1210 3472 ἔνοχος
1237 3386 1273 3472 ἧν
1296 3392 1338 3472 τῷ
1359 3384 1416 3472 ἴσιρ
1438 3387 1573 3474 ἐπιτιμίῳ
1608 3390 1710 3474 ὥσπερ

415 3490 465 3556 καὶ
489 3494 504 3555 b
528 3493 692 3579 ἁμαρτών).
737 3494 878 3559 Poenam
900 3512 995 3575 quam
1017 3499 1128 3559 narrat
1151 3499 1319 3576 excerptor
1341 3493 1381 3558 ab
1406 3494 1550 3562 omnibus
1566 3497 1620 3579 qui
1635 3516 1710 3580 pec·

417 3600 576 3665 caderent
599 3600 708 3666 datam
731 3618 819 3679 esse,
853 3599 1042 3665 Plutarchus
1073 3602 1156 3684 (cap.
1182 3599 1235 3682 15)
1258 3604 1422 3682 tamquam
1443 3602 1638 3682 peculiarem
1661 3602 1710 3667 eis

414 3704 598 3787 impositam
619 3704 718 3770 fuisse
742 3703 845 3786 docet,
869 3704 922 3786 qui
946 3702 1086 3770 caelibes
1106 3705 1214 3769 vivere
1237 3723 1332 3786 quam
1354 3705 1401 3770 rei
1423 3705 1570 3787 publicae
1590 3707 1709 3774 libero-

416 3830 487 3877 rum
508 3811 730 3892 procreatione
752 3810 905 3892 prodesse
928 3810 1125 3875 maluissent.
1176 3807 1334 3874 Differunt
1356 3811 1484 3892 quidem
1505 3814 1591 3879 inter
1613 3832 1647 3880 se
1670 3833 1711 3880 eo

417 3914 501 3997 qnod
524 3914 695 3981 Plutarcho
726 3919 812 3980 teste
843 3913 948 3980 lorum
977 3913 1235 3979 circumeundum
1269 3920 1339 3980 erat
1370 3922 1556 3997 excerptore
1588 3918 1628 3984 de
1651 3937 1710 3985 ara

416 4021 524 4102 aliqua
545 4021 726 4086 hariolante
737 4017 773 4102 ²).
829 4017 893 4085 Sed
922 4019 982 4084 hoc
1015 4019 1123 4104 exigui
1154 4024 1204 4084 est
1226 4020 1388 4086 momenti.
1444 4021 1518 4088 Utri
1541 4023 1711 4090 credamus

490 4217 518 4288 1)
535 4217 686 4274 Peculiaris
706 4225 748 4273 est
765 4218 837 4274 ratio
856 4217 955 4286 capitis
982 4219 1023 4272 16.
1060 4216 1138 4286 Quod
1156 4223 1301 4286 postquam
1319 4219 1460 4275 contulisti
1483 4236 1544 4276 cum
1563 4222 1711 4278 Plutarcho

415 4307 474 4379 (vit.
494 4307 558 4377 Lyc.
577 4311 637 4378 21),
663 4308 828 4363 Plutarchea
846 4307 875 4361 in
895 4323 927 4363 eo
946 4306 1076 4377 pleraque
1094 4308 1228 4377 agnoscis.
1273 4309 1458 4378 Amplificavit
1476 4311 1573 4381 igitur,
1593 4313 1706 4382 inquies,

414 4397 591 4452 Plutarchum
611 4405 763 4467 excerptor.
808 4397 861 4452 Sed
880 4413 940 4452 cum
959 4397 987 4452 id
1006 4398 1036 4452 in
1053 4399 1128 4453 nullo
1147 4399 1327 4467 praeterhac
1345 4402 1435 4470 capite
1454 4403 1541 4469 possit
1560 4402 1707 4470 observari,

416 4486 527 4542 dubium
545 4488 651 4543 videtur
670 4505 733 4542 num
751 4495 826 4543 recte
843 4487 1015 4544 indicaveris.
1052 4489 1184 4544 Fortasse
1202 4489 1241 4544 sic
1259 4505 1304 4545 res
1324 4506 1383 4546 sese
1402 4492 1542 4560 expediet,
1562 4501 1592 4547 ut
1611 4492 1645 4547 ab
1664 4508 1709 4547 ex-

417 4584 543 4644 cerptore
561 4577 664 4632 iontem
681 4586 823 4646 utrumqne
834 4579 862 4633 in
874 4594 927 4632 uno
941 4578 1067 4634 instituto
1077 4577 1253 4634 describendo
1264 4579 1415 4636 adhibitum
1423 4598 1482 4637 esse
1489 4582 1617 4638 dicamus.
1636 4581 1710 4637 Idem

414 4665 443 4720 in
463 4667 553 4736 capite
573 4671 606 4722 13
625 4667 659 4722 ab
682 4683 714 4723 eo
737 4669 909 4724 commissum
927 4684 986 4724 esse
1007 4685 1091 4738 snpra
1104 4669 1315 4725 demonstratum
1327 4680 1376 4727 est.
1397 4672 1442 4743 (cf.
1454 4672 1569 4728 Trieber
1578 4674 1595 4728 l.
1604 4689 1626 4728 c.
1635 4689 1662 4742 p.
1673 4675 1711 4744 8).

487 4757 515 4826 2)
533 4758 591 4811 Ara
609 4755 727 4814 fortasse
746 4758 781 4814 ob
800 4758 828 4813 id
846 4758 935 4814 forum
952 4760 1071 4830 expulit,
1092 4759 1156 4828 qnia
1173 4775 1318 4828 puerorum
1338 4762 1539 4818 acerbissimam
1558 4763 1633 4818 illam
1652 4779 1708 4819 ver·

413 4845 581 4910 berationem
600 4862 687 4916 prope
704 4863 779 4904 aram
797 4849 903 4904 Dianae
922 4847 1023 4905 factam
1043 4865 1101 4905 esse
1120 4851 1147 4903 in
1168 4852 1312 4908 scribentis
1332 4852 1460 4908 memoria
1478 4853 1617 4916 haerebat.
