3814 5370
860 376 900 437 47

307 547 389 616 Tum
419 563 495 613 vero
525 543 705 628 Hesychius
738 545 868 628 saepius
896 544 1030 612 indulsit
1058 545 1254 612 rhotacismo
1287 546 1340 628 qui
1379 549 1520 612 vocatur.

221 658 270 724 De
294 674 357 738 quo
380 670 463 735 quae
485 650 662 718 Ahrensius
685 650 793 717 dicere
816 650 922 732 potuit
945 652 979 735 (l.
993 671 1019 717 ι.
1044 670 1075 734 p.
1100 652 1172 733 71):
1206 651 1256 717 ‘ea
1277 650 1413 718 mutatio
1437 651 1526 736 (con-

222 759 368 830 sonantis
391 779 407 825 s
427 757 461 823 in
484 756 514 840 r)
547 773 650 838 neque
680 757 726 821 in·
744 757 848 822 titulis
878 757 1048 823 Laconicis
1078 775 1214 838 usquam
1243 757 1416 839 reperitur’
1447 774 1530 822 nuuc

224 886 287 934 non
310 864 449 947 amplius
478 867 586 942 stant3
620 862 653 927 in
685 861 948 943 inscriptionibus
980 863 1063 929 enim
1094 862 1253 928 nonnullis
1283 881 1377 928 serae
1408 861 1528 929 aetatis

225 970 371 1054 exempla
393 969 488 1036 huius
511 967 699 1034 mutationis
727 967 834 1034 factae
863 967 1002 1052 legimus
1035 967 1121 1051 (vide
1144 968 1189 1034 Le
1212 968 1432 1034 Bas-Foucart
1454 968 1474 1032 l.
1499 986 1526 1032 ι.

224 1077 371 1161 passim).
430 1073 584 1157 Hesychii
618 1092 693 1140 vero
716 1073 845 1158 glossae
868 1091 950 1155 quae
974 1073 1100 1155 quidem
1129 1073 1170 1138 ad
1201 1091 1254 1139 res
1286 1091 1397 1140 sacras
1426 1071 1528 1154 perti·

228 1188 316 1267 nent,
338 1183 401 1248 hae
424 1184 499 1247 sunt
521 1179 749 1246 rhotacismum
773 1184 942 1260 expertae:
978 1175 1124 1264 Αἰγλάηρ,
1150 1178 1371 1263 φουλ<λ>ιδερ,
1396 1177 1530 1264 ψιλακερ.

229 1289 289 1356 His
311 1288 432 1354 haereo
455 1303 530 1352 num
553 1283 671 1351 addam
694 1282 894 1369 Πηρεφόνεια.
941 1283 1118 1350 Ahrensius
1142 1284 1175 1367 (l.
1201 1303 1226 1351 c.
1251 1304 1281 1366 p.
1301 1285 1375 1368 112)
1399 1284 1528 1366 quidem

228 1398 323 1477 putat
345 1413 360 1460 s
383 1409 556 1458 consonam
579 1389 736 1456 excidisse
759 1388 929 1456 deficiente
951 1389 1015 1455 ullo
1038 1389 1131 1456 huius
1161 1389 1209 1455 rei
1240 1389 1273 1454 in
1302 1389 1442 1456 dialecto
1465 1390 1528 1455 Do·

228 1500 297 1566 rica
320 1497 482 1579 exemplo,
521 1502 617 1578 atque
641 1496 675 1581 (l.
700 1514 726 1560 c.
750 1515 780 1577 p.
807 1493 880 1581 159)
912 1516 933 1580 η
955 1494 1100 1562 vocalem
1122 1514 1161 1560 ex
1183 1518 1198 1557 ε
1220 1494 1431 1576 productione
1453 1513 1528 1577 sup·

232 1605 370 1688 pletoria
391 1606 501 1667 natam
535 1617 617 1665 esse.
674 1597 738 1665 Sed
767 1598 853 1666 haud
876 1599 941 1666 scio
964 1618 1005 1664 an
1027 1598 1131 1682 possit
1165 1599 1300 1682 cogitari
1332 1599 1528 1666 rhotacismo

231 1709 352 1776 factum
375 1725 458 1786 esse,
480 1710 517 1771 ut
539 1724 554 1772 s
578 1702 684 1770 abiret
705 1703 739 1769 in
764 1728 788 1789 ρ.
833 1705 901 1771 Iam
926 1723 997 1771 cum
1020 1703 1226 1790 Περρεφόνεια
1247 1705 1416 1772 molestum
1439 1705 1527 1771 vide-

229 1819 319 1881 retur
341 1812 383 1879 ad
405 1808 693 1894 pronuntiandum,
726 1832 741 1894 p
765 1828 828 1875 non
850 1835 868 1872 o
891 1811 1026 1894 excidit,
1057 1829 1118 1892 quo
1140 1809 1227 1877 facto
1249 1834 1264 1873 ε
1285 1809 1473 1877 mutabatur
1495 1810 1528 1874 in

232 1945 262 2004 η.
307 1917 346 1984 ιι,
370 1917 407 1983 G.
431 1916 542 2000 Meyer
565 1914 774 1982 Griechische
797 1915 1015 1982 Grammatik⁹
1040 1921 1122 1982 1886
1145 1936 1176 1999 p.
1193 1921 1234 1982 80
1257 1922 1291 1982 et
1304 1915 1446 2002 glossam
1462 1915 1527 1982 He·

232 2024 333 2109 sychii
354 2023 456 2108 πήριξ·
478 2021 596 2107 πέρδιξ·
621 2018 737 2106 Κρῆτες
766 2020 863 2089 simili
883 2022 1010 2088 ratione
1033 2027 1138 2088 ortam
1161 2041 1200 2088 ex
1221 2022 1344 2105 Meyeri
1366 2022 1529 2089 sententia

233 2131 255 2194 l.
270 2148 297 2194 c.
320 2148 350 2209 p.
375 2132 445 2192 264.
500 2128 619 2193 Verum
641 2133 798 2210 nepotes
821 2127 975 2211 Hesychii
996 2129 1140 2214 glossam
1162 2127 1270 2195 labem
1293 2129 1432 2210 aliquam
1456 2147 1531 2194 con·

234 2231 392 2315 traxisse,
424 2236 512 2298 extat
542 2233 575 2298 in
604 2232 701 2318 galea
722 2232 840 2300 Paesto
864 2233 907 2317 (l)
931 2233 1066 2300 oriunda
1088 2233 1170 2300 deae
1192 2253 1307 2300 nomen
1336 2233 1387 2298 his
1409 2233 1529 2300 litteris

235 2336 385 2418 scriptum
410 2335 591 2424 [Unptpdvat
611 2337 686 2404 IGA
710 2343 782 2405 538.

317 2641 366 2706 Ex
388 2643 435 2710 eis
458 2662 541 2726 quae
562 2644 726 2725 hucusque
749 2642 789 2709 de
813 2642 953 2708 dialecto
976 2641 1159 2728 glossarum
1181 2642 1359 2728 disputavi,
1395 2649 1532 2727 apparet

232 2763 287 2813 ess
309 2766 510 2832 nequaquam
533 2749 690 2815 immunes
714 2767 786 2816 esse
807 2747 1005 2814 mendorum.
1067 2747 1131 2816 Sed
1159 2749 1224 2815 ista
1246 2749 1364 2816 menda
1386 2755 1460 2817 sunt
1482 2751 1530 2816 ita

232 2859 435 2938 comparata,
470 2860 527 2921 aut
558 2860 594 2920 ut
625 2854 719 2921 simul
743 2854 790 2920 eis
812 2854 889 2919 insit
912 2872 974 2936 quo
1005 2860 1206 2935 excusentur,
1241 2861 1297 2920 aut
1325 2859 1362 2921 ut
1394 2853 1530 2938 patefiat

229 2959 381 3026 Doricam
402 2961 490 3027 vocis
513 2959 649 3027 formam
672 2979 691 3025 a
713 2960 931 3043 grammaticis
954 2959 995 3026 ad
1020 2959 1150 3026 dialecti
1183 2961 1287 3043 qualis
1316 2959 1355 3027 ab
1391 2961 1438 3027 eis
1461 2980 1531 3028 cre·

231 3064 369 3131 debatur
392 3085 537 3132 normam
569 3084 642 3135 esse
665 3071 821 3132 exactam.
878 3065 998 3132 Contra
1028 3083 1103 3131 vero
1126 3066 1257 3150 glossae
1280 3084 1393 3133 sacrae
1415 3072 1531 3133 vacant

228 3168 285 3235 illo
309 3169 397 3253 vitio,
420 3171 505 3252 quod
528 3170 744 3239 Kirchhoifius
766 3169 800 3258 (l.
817 3189 842 3237 s.
861 3171 902 3256 ι.)
926 3171 1110 3257 castigavit.
1169 3172 1207 3236 In
1245 3172 1365 3238 nullam
1396 3172 1480 3238 enim
1513 3197 1531 3235 o

229 3294 287 3358 pro
310 3275 330 3338 d
353 3275 495 3358 irrepsit.
552 3277 589 3340 ln
611 3276 658 3342 eis
681 3282 790 3343 autem
813 3277 930 3362 glossis
960 3277 1080 3360 sacris,
1119 3295 1198 3360 quas
1228 3283 1360 3359 praeter
1390 3278 1466 3344 illas
1489 3276 1530 3344 de

230 3381 344 3464 quibus
366 3382 460 3448 modo
484 3380 549 3446 dixi
572 3382 724 3466 colligere
747 3383 848 3466 potui,
871 3382 951 3448 nihil
974 3388 1084 3449 contra
1099 3382 1274 3449 dialectum
1285 3388 1453 3466 peccatum
1468 3388 1530 3468 est,

230 3505 422 3570 quamquam
445 3488 484 3553 de
508 3487 564 3568 eis,
589 3505 671 3570 quae
694 3486 895 3570 gravioribus
918 3489 1110 3570 corruptelis
1134 3487 1303 3572 laborant,
1337 3495 1460 3556 certum
1481 3489 1530 3556 iu-

230 3591 347 3660 dicium
369 3593 455 3660 ferre
478 3593 648 3660 nonlicet.
695 3593 784 3671 Quae
808 3611 878 3658 cum
900 3593 948 3658 ita
971 3593 1045 3676 sint,
1069 3594 1128 3660 hoc
1151 3593 1281 3677 quidem
1303 3595 1391 3660 nacti
1409 3614 1528 3676 sumus,

229 3703 266 3763 ut
287 3698 347 3764 has
370 3699 522 3782 Hesychii
544 3701 671 3786 glossas
694 3718 711 3766 e
733 3697 835 3764 lexico
866 3699 917 3764 vel
947 3699 1009 3764 alio
1042 3700 1180 3781 quodam
1211 3699 1294 3766 libro
1325 3701 1529 3786 grammatici

229 3801 364 3874 alicuius
385 3806 571 3887 provenisse
594 3805 702 3871 dicere
726 3823 890 3887 queamus,
913 3805 966 3886 qui
989 3823 1061 3871 cum
1083 3824 1146 3871 non
1169 3806 1375 3872 mediocriter
1395 3805 1526 3873 dialecti

229 3908 367 3976 Doricae
388 3907 516 3994 legibus
540 3916 627 3977 esset
649 3910 827 3995 institutus,
850 3915 958 3976 tamen
982 3909 1145 3977 abstinere
1168 3930 1230 3978 non
1246 3911 1360 3993 potuit,
1385 3912 1460 3993 quin
1475 3929 1528 3977 re·

228 4013 373 4094 gularum
410 4033 429 4080 a
463 4015 684 4100 grammaticis
716 4017 964 4083 constitutarum
995 4016 1158 4082 interdum
1190 4018 1350 4082 rationem
1382 4014 1528 4083 haberet.

228 4117 298 4186 Iam
320 4137 393 4185 cum
414 4119 631 4187 Kirchhoffius
663 4122 847 4188 Alcmanem
882 4130 979 4205 atque
1002 4123 1269 4206 Aristophanem,
1307 4122 1358 4190 cui
1389 4122 1530 4190 addendi

229 4230 323 4291 erunt
346 4224 401 4290 alii
422 4229 539 4308 poetae
563 4225 676 4292 comici
686 4226 710 4310 ¹)
733 4227 765 4293 in
789 4228 857 4312 eis,
893 4248 976 4311 quae
999 4229 1109 4314 lingua
1132 4228 1251 4294 Dorica
1274 4233 1528 4312 composuerant,
1639 4292 1640 4300 ,

228 4327 269 4394 ab
294 4329 519 4398 Alexandrinis
541 4331 759 4415 grammaticis
782 4333 828 4398 ita
851 4332 952 4400 fuisse
975 4339 1134 4400 tractatos
1150 4333 1338 4417 ostenderit,
1362 4339 1398 4400 ut
1412 4340 1529 4417 poetae

226 4433 290 4517 ipsi
312 4435 487 4503 secundum
510 4436 793 4522 grammaticorum
816 4437 998 4505 doctrinam
1028 4439 1285 4525 corrigerentur,
1325 4458 1397 4506 cum
1419 4445 1528 4507 autem

227 4539 260 4605 in
291 4560 403 4609 eorum
432 4542 592 4626 poematis
625 4541 774 4610 similiter
807 4548 920 4610 contra
952 4545 1161 4613 vetustiorem
1190 4545 1353 4611 Laconum
1385 4545 1529 4632 linguam

301 4778 328 4846 l)
348 4777 429 4834 Velut
445 4778 591 4851 Epilycus‚
619 4779 648 4834 in
667 4780 743 4836 culus
762 4779 915 4850 fragmento
945 4781 1055 4852 (Athen.
1075 4797 1101 4850 p.
1121 4783 1173 4836 140
1191 4781 1226 4851 A)
1255 4787 1331 4836 extat
1357 4779 1383 4832 ἐν
1410 4795 1461 4848 pro
1487 4779 1529 4844 εις.

231 4866 368 4940 (Mainalia
387 4868 460 4924 Com.
479 4867 524 4924 Gr.
545 4868 579 4926 fr.
597 4869 624 4923 ll
642 4885 669 4939 p.
688 4873 749 4926 887.
790 4871 868 4928 Kock
886 4871 899 4925 Ι
916 4888 944 4941 p.
962 4873 1034 4948 803).
