3814 5370
867 374 907 435 33

229 547 328 632 pretii
351 553 401 612 est
424 543 648 626 aestimanda,¹
675 542 881 609 desideratur
903 544 1024 609 mentio
1047 543 1289 625 Spartanorum.
1348 543 1437 622 Quae
1462 561 1536 609 vero

232 653 350 720 Suidas
373 669 439 716 σν.
465 651 641 735 irruimus
676 646 790 728 habet,
823 666 903 731 prae
933 648 1092 714 Athenaei
1126 647 1197 714 loco
1231 648 1321 735 (XIV
1344 648 1420 732 621)
1450 648 1536 715 unde

232 757 425 824 Eustathius
456 757 582 840 (comm.
614 753 647 820 in
681 754 718 819 ll.
752 772 781 834 p.
808 753 886 836 884)
922 772 981 819 sua
1016 751 1189 837 delibavit,
1224 753 1320 836 plane
1354 758 1429 820 sunt
1463 772 1537 819 con·

233 861 417 929 temnenda.

322 967 391 1032 Iam
415 985 452 1031 eo
475 965 695 1046 pervenimus,
731 968 768 1030 ut
798 964 838 1029 de
861 963 998 1048 singulis
1022 962 1214 1046 quibusdam
1237 965 1355 1050 glossis
1378 964 1538 1047 Hesychio

233 1092 306 1139 curn
329 1072 371 1137 Ε0
387 1070 435 1135 Μο
457 1069 677 1136 communibus
706 1066 805 1134 verba
835 1068 901 1134 sint
923 1067 1091 1152 iacienda,
1125 1089 1188 1151 qua
1217 1070 1251 1134 in
1272 1089 1309 1136 re
1332 1071 1437 1155 magis
1460 1089 1540 1152 quo.

234 1196 294 1261 que
318 1173 503 1259 apparebit,
538 1180 658 1257 quanto
680 1178 826 1257 praestet
848 1173 1028 1256 Hesychius
1050 1173 1092 1237 Εο
1106 1173 1163 1238 Ma.
1208 1174 1350 1240 Primum
1374 1175 1457 1241 enim
1480 1175 1539 1240 ali-

234 1288 312 1366 quot
334 1281 464 1365 glossae
487 1280 700 1361 inveniuntur,
725 1279 766 1344 ad
790 1297 870 1361 quas
893 1278 1101 1360 explicandas
1125 1297 1206 1361 quae
1224 1279 1402 1346 afferuntur
1418 1280 1539 1346 disiun-

239 1386 346 1474 genda
369 1385 499 1478 suntin
522 1385 602 1450 duas
625 1390 746 1466 partes.
793 1384 905 1450 Altera
927 1389 1055 1450 tantum
1077 1391 1206 1466 spectat
1228 1385 1271 1450 ad
1286 1403 1339 1451 res
1354 1385 1540 1470 Laconicas,

240 1495 344 1559 altera
368 1491 408 1556 ad
441 1509 494 1555 res
517 1489 657 1555 omnium
681 1490 887 1555 Graecorum.
942 1489 1131 1572 Exemplum
1165 1509 1339 1573 apponam;
1374 1489 1433 1556 sub
1465 1509 1541 1557 voce

241 1598 391 1685 βάμβυξ
414 1596 446 1659 in
469 1593 630 1676 Hesychio
653 1594 821 1677 leguntur:
844 1590 971 1678 στάμνος
992 1591 1148 1666 Λάκωνες.
1193 1592 1243 1657 ναί
1266 1594 1365 1658 αὐλοῦ
1381 1591 1468 1675 εἶδος,
1491 1590 1542 1657 καί

244 1709 329 1790 ζῷον,
355 1702 408 1787 ἀφ’
433 1699 467 1762 οῦ
490 1697 526 1762 τά
551 1696 714 1784 βομβάαινα
739 1696 903 1783 ὑφάσματα
926 1700 1114 1762 συντελεῖται.
1150 1697 1222 1763 ἔνιοι
1238 1697 1271 1762 δὲ
1288 1698 1447 1786 βομβῦλιον
1465 1699 1542 1763 οῦτιυ

241 1809 392 1893 λέγουσιν,
434 1805 462 1868 οἱ
492 1802 524 1868 δὲ
554 1802 645 1889 ῥυμὸν
675 1804 795 1888 ἢῆχος
819 1805 995 1890 βομβυ..υ.
1049 1804 1131 1882 Quid
1167 1823 1243 1871 vero
1265 1805 1330 1869 Eum
1344 1805 1434 1870 Mum?
1486 1805 1543 1871 Ni-

240 1916 284 1982 hil
305 1915 366 1979 nisi
391 1910 484 1975 αὐλοῦ
506 1934 533 1974 τι
556 1907 643 1990 εἶδος,
667 1906 716 1972 καί
741 1913 835 1994 ζῷον,
865 1909 919 1995 ἀφ’
943 1908 977 1972 οῦ
999 1906 1036 1972 τά
1060 1908 1225 1995 βομβῦκινα
1248 1893 1426 1996 ὑφάσματα,
1464 1911 1544 1976 nihil

241 2021 338 2104 igitur
360 2018 400 2083 de
422 2016 613 2083 Laconibus.
671 2015 767 2080 Aliud
789 2015 886 2080 etiam
910 2015 1090 2097 exemplum
1112 2021 1162 2081 est
1184 2015 1216 2081 in
1248 2021 1376 2098 prompt
1401 2067 1407 2081 .
1464 2016 1544 2082 (lum

243 2123 419 2206 Hesychius
443 2140 468 2187 s.
491 2141 518 2186 ν.
542 2118 696 2204 Νηρεάς
726 2119 806 2185 haec
829 2118 967 2185 habeat:
1003 2118 1166 2192 θαλάσσιος
1198 2120 1331 2205 δαίμων,
1363 2118 1487 2206 Ἀλκμάν
1512 2119 1545 2184 δὲ

249 2225 299 2290 ναί
322 2227 431 2311 Πάριον
455 2223 605 2311 ὀνομάζει,
628 2230 741 2291 auctor
761 2220 851 2289 EnMr
873 2243 963 2290 mera
984 2225 1254 2308 interpretatione
1276 2231 1447 2293 contentus
1469 2227 1543 2293 huic

253 2333 395 2400 adnexuit
417 2332 589 2414 insipidam
612 2330 748 2396 nominis
771 2330 893 2412 proprii
916 2331 1159 2397 derivationem.
1183 2369 1225 2379 —-
1248 2331 1359 2414 Neque
1380 2333 1476 2398 aliter
1490 2351 1544 2398 res

248 2457 282 2504 se
303 2435 400 2505 habet
421 2439 454 2503 in
477 2438 550 2503 aliis
573 2437 700 2521 glossis.
758 2436 893 2517 Saepius
922 2435 1066 2503 videmus
1088 2437 1282 2519 Hesychium
1314 2456 1378 2504 una
1410 2455 1481 2503 cum
1502 2436 1545 2510 Ε0

243 2543 288 2608 Μ0
311 2543 448 2625 aliisque
480 2542 658 2608 doctrinam
681 2541 788 2623 paullo
810 2541 972 2607 tuitionem
992 2541 1141 2625 tradere,
1176 2561 1279 2624 neque
1312 2562 1386 2609 raro
1408 2543 1473 2622 ita,
1509 2546 1546 2608 ut

242 2647 372 2714 uberior
395 2651 485 2713 extet
506 2647 650 2712 narratio
674 2646 759 2728 apud
784 2652 911 2712 ceteros
935 2651 1100 2729 auctores,
1135 2666 1233 2729 saepe
1255 2666 1330 2714 vero
1363 2648 1543 2730 Hesychius

242 2754 330 2820 solus
354 2752 446 2819 addit
468 2752 515 2818 eis
538 2770 620 2834 quae
643 2750 685 2817 ab
708 2752 781 2817 aliis
813 2770 937 2834 quoque
969 2757 1184 2833 exponuntur,
1219 2771 1287 2818 rem
1322 2752 1363 2818 ad
1396 2753 1547 2818 instituta

241 2859 403 2925 Laconica
425 2858 639 2938 pertinentem
662 2857 817 2922 memoria
850 2856 936 2921 haud
969 2856 1143 2940 indignam.
1205 2857 1256 2924 Sic
1292 2876 1374 2940 quae
1408 2857 1546 2944 legimus

244 2964 330 3047 apud
351 2963 546 3045 Hesychium
579 2981 604 3028 s.
622 2982 650 3027 v.
675 2959 947 3047 Είραφιώτης·
980 2962 1161 3033 ὁΔιόνυσος
1184 2959 1265 3047 παρά
1287 2960 1319 3026 τὸ
1343 2960 1493 3048 ἐρράφθαι
1516 2964 1545 3029 ἐν

242 3071 285 3155 τῷ
309 3073 395 3153 μηρῷ
418 3071 470 3131 τοῦ
493 3068 572 3148 Διός,
595 3072 728 3149 praeter
751 3067 884 3132 Suidam
907 3065 1036 3132 exhibet
1059 3073 1093 3134 et
1114 3067 1291 3134 scholiasta
1313 3069 1346 3133 in
1359 3068 1545 3151 Dionysium

245 3175 452 3259 Periegetam
476 3178 555 3251 576,
588 3173 641 3254 qui
664 3173 795 3254 insuper
817 3172 947 3255 addith
972 3170 1030 3236 ἀπὸ
1053 3173 1169 3244 πόλεως
1192 3170 1340 3259 Είραφίας
1361 3174 1548 3259 καλουμένης

244 3279 359 3358 οὕτως,
390 3286 424 3344 et
452 3278 516 3342 Eum
538 3277 625 3370 ΜΨ,
655 3277 687 3342 in
712 3296 773 3360 quo
802 3283 836 3343 et
858 3296 932 3343 s..v.
966 3275 1159 3363 Εἰραφιώτης
1182 3279 1274 3363 (302)
1298 3284 1332 3345 et
1355 3298 1380 3346 s·
1402 3300 1431 3346 v.
1455 3277 1548 3366 ἔρεψα

244 3385 336 3468 (371)
359 3383 483 3450 varium
515 3383 547 3447 in
577 3382 706 3448 modum
735 3401 913 3467 cognomen
934 3384 1054 3450 Bacchi
1078 3385 1265 3466 explicatur.
1322 3385 1443 3451 Tamen
1464 3405 1546 3452 unus

243 3489 423 3573 Hesychius
447 3489 528 3554 alios
551 3489 648 3572 longe
671 3493 804 3569 superat
825 3487 942 3567 verbis,
967 3508 1049 3570 quae
1072 3490 1202 3574 glossae
1223 3490 1429 3572 explicationi
1449 3510 1547 3574 supra

243 3595 428 3678 adscriptae
463 3593 608 3660 addidit:
645 3589 705 3656 Kal
728 3591 830 3678 ἔριφος
856 3591 936 3678 παρὰ
958 3592 1113 3659 Λάκωσιν.
1170 3595 1250 3661 Cum
1281 3595 1370 3662 hisce
1404 3596 1547 3681 glossam

243 3719 326 3784 quae
348 3719 421 3766 mox
443 3699 606 3782 sequitur:
625 3693 769 3784 Ἔριφος·
794 3698 963 3771 ὁΔιόνυσος
986 3718 1058 3766 esse
1083 3699 1339 3786 coniungendam
1355 3701 1474 3768 dudum
1488 3702 1546 3768 ho·

244 3805 347 3872 mines
370 3805 457 3871 docti
478 3805 723 3883 intellexerunt,
751 3803 866 3886 quibus
888 3805 921 3870 in
943 3823 982 3870 ea
1005 3824 1188 3888 quoquere
1211 3807 1452 3873 assentiendum
1475 3826 1546 3874 esse

246 3929 380 3993 censeo,
413 3915 449 3975 ut
473 3910 615 3992 collatis,
650 3929 732 3993 quae
765 3910 948 3993 Stephanus
970 3911 1145 3993 Byzantius
1169 3930 1194 3977 s.
1208 3932 1236 3976 ν.
1259 3907 1418 3996 Ἀκράρεια
1448 3911 1549 3978 habet

247 4015 342 4082 deum
365 4015 503 4097 aliquem
527 4015 612 4096 apud
635 4014 874 4097 Metapontinos
896 4015 1023 4098 Eriphii
1046 4035 1222 4102 cognomen
1244 4016 1411 4095 habuisse,
1435 4017 1549 4103 ἐρίφιος

246 4120 280 4186 in
302 4127 439 4202 utraque
464 4120 573 4204 glossa
594 4121 814 4187 restituamus.
861 4120 900 4187 cf.
923 4121 1082 4188 Wieseler
1104 4122 1217 4188 Philol.
1240 4123 1271 4187 X
1294 4127 1354 4188 701
1373 4141 1421 4205 sq.

250 4265 256 4270 -
334 4225 435 4290 Plane
456 4223 542 4290 idem
565 4227 787 4309 cognoscimus
810 4225 967 4293 accidisse
1000 4228 1032 4292 in
1056 4230 1165 4313 glossa
1183 4225 1422 4292 Ἐλευσίνιοι.
1480 4228 1550 4306 Qua

246 4330 280 4396 in
313 4331 423 4416 glossa
465 4348 536 4395 oum
580 4331 710 4416 egregie
743 4335 859 4396 coeant
890 4331 1104 4414 Harpocratio
1136 4334 1199 4398 Eum
1221 4333 1290 4400 Mum
1325 4333 1458 4414 Suidas‚
1501 4335 1549 4401 ita

247 4440 356 4502 tamen
390 4440 426 4500 ut
448 4434 714 4517 Harpocrationis
735 4435 881 4502 recensio
904 4438 1021 4502 ceteris
1043 4443 1208 4521 praestet:
1228 4435 1416 4503 Ἐλευσίνια·
1436 4436 1550 4526 Ὑπερ-

249 4540 330 4626 είδης
353 4541 382 4604 ἐν
417 4545 459 4627 τῷ
488 4537 561 4625 ὑπὲρ
584 4535 778 4604 Καλλίππου·
815 4541 874 4612 τοῖς
906 4545 1009 4604 νικῶσι
1038 4539 1074 4605 τά
1092 4539 1266 4607 Ἐλευσίνια
1300 4545 1416 4609 ἐδίδοτο
1445 4543 1548 4610 ἆθλον.

250 4645 414 4734 ὠνομάσθη
441 4643 474 4711 δὲ
496 4647 515 4730 ἡ
539 4646 623 4718 πόλις
648 4644 783 4720 Ἐλευσὶς
807 4644 865 4710 ἀπὸ
885 4643 1060 4712 Ἐλευσίνου
1083 4652 1135 4712 τοῦ
1154 4646 1281 4736 Ἑρμοῦ.
1315 4648 1416 4736 [ἄλλοι
1439 4649 1472 4715 δὲ
1494 4649 1550 4716 άλ-

248 4754 301 4826 λας
325 4751 419 4824 αἰτίας
442 4749 515 4838 φασί
538 4749 589 4815 καί
622 4751 726 4838 ἑορτὴν
750 4749 825 4817 εἶναι
856 4753 943 4839 μόνον
973 4751 1010 4817 τά
1034 4751 1235 4840 Ἐλευσίνια],
1269 4755 1423 4839 Hesychii
1450 4756 1551 4826 verba

249 4858 282 4924 id
305 4863 393 4924 certo
419 4857 571 4942 probant,
606 4877 677 4927 eum
701 4879 740 4925 ex
762 4858 850 4926 fonte
872 4865 909 4926 ut
932 4859 973 4926 ab
997 4860 1062 4926 illis
1086 4879 1218 4944 prorsus
1242 4862 1347 4928 alieno
1369 4862 1417 4928 ita
1440 4863 1550 4950 singu·

302 4979 378 5024 ννιυοι
392 4984 475 5032 quassa
489 4981 539 5022 nac.
1259 4972 1277 5032 3
