3814 5370
972 350 1012 410 62

339 522 380 588 cf.
404 521 551 588 Bursian.
574 519 607 584 in
630 518 711 584 Mus.
735 518 838 584 Rhen.
860 517 906 582 XI
929 537 959 600 p.
984 523 1057 583 339.
1114 517 1312 600 Quamquam
1343 518 1371 584 is
1403 519 1499 586 titulo
1521 519 1639 588 Damo-

339 627 431 694 nonis
452 626 485 691 in
511 643 573 706 quo
595 630 671 689 sunt
694 620 842 686 Ποοῖὀαια
863 620 1024 688 refutatus
1046 627 1105 688 est.
1162 623 1202 688 cf.
1226 624 1323 688 etiam
1348 624 1423 690 CJG
1446 626 1462 689 I
1487 631 1579 690 1430.

426 737 478 797 59.
523 729 746 815 Προλάγια·
782 727 873 792 θυσία
894 725 950 812 πρὸ
972 733 1031 790 τῶν
1053 733 1175 812 καρπῶν
1205 727 1367 814 τελουμένη
1392 727 1447 792 ὑπὸ
1470 728 1640 794 Λακώνων.

426 841 476 902 60.
521 833 679 898 Πωλία·
712 834 842 920 χαλκοῦν
865 831 971 917 πῆγμά
996 856 1032 895 τι.
1067 832 1151 918 φέρει
1175 830 1208 896 δέ
1229 831 1277 896 ἐπὶ
1299 839 1356 897 τῶν
1381 833 1471 917 ὤμων
1495 832 1547 907 τάς
1579 841 1639 898 τῶν

340 939 551 1006 Λευκιππίδων
574 940 702 1011 πώλους.
738 937 791 1002 δύο
816 936 848 1001 δὲ
871 935 946 1000 εἶναι
968 937 1134 1022 παρθένους
1158 936 1256 1023 φασίν.
1302 939 1472 1005 ‘Videntur
1493 940 1574 1006 haec
1597 941 1642 1006 ad

342 1049 521 1129 spartanas
542 1045 707 1126 pertinere
729 1043 942 1126 Leucippidas
965 1043 1054 1122 deas,
1078 1062 1213 1125 quarum
1234 1045 1422 1111 sacerdotes
1444 1045 1584 1128 virgines
1609 1051 1644 1111 et

339 1151 436 1232 ipsae
447 1149 659 1230 Leucippidas
672 1156 817 1214 vocatae.
850 1149 1128 1232 Paus.11116,l’.
1162 1148 1302 1214 Boeckh.
1328 1149 1361 1214 in
1381 1148 1490 1215 oJGI
1514 1149 1643 1234 14491),

431 1260 482 1319 61.
527 1252 980 1348 Σελςλ>1ασία·Ἅρτεμις.
1006 1260 1038 1319 et
1061 1251 1354 1319 Σελ<λ>ασία·
1388 1254 1476 1325 τόπος
1497 1261 1551 1339 τῆς
1573 1253 1645 1318 Λα-

339 1367 477 1444 κωνικῆς,
501 1359 571 1422 ὅθεν
594 1356 672 1429 εἰκὸς
693 1359 844 1442 κληθῆναι
866 1355 918 1442 τὴν
935 1353 1089 1443 Ἄρτεμιν,
1113 1358 1202 1424 cuius
1225 1359 1354 1444 glossae
1375 1378 1453 1440 pars
1475 1360 1565 1441 prior
1586 1379 1638 1425 re-

344 1466 393 1532 dit
404 1466 446 1532 ad
457 1465 699 1546 Xenophontem
716 1462 805 1546 (hell.
819 1462 851 1527 11
868 1467 896 1542 2,
913 1465 965 1546 13)
990 1463 1041 1527 vel
1053 1463 1292 1545 Theopompum
1305 1462 1345 1530 cf.
1360 1464 1470 1546 Steph.
1485 1465 1561 1547 Byz.
1574 1484 1638 1531 av.

430 1574 481 1635 62.
526 1568 633 1652 Σταφ
644 1568 709 1630 υλο
720 1569 735 1630 δ
746 1567 875 1652 ράμοι·
897 1565 974 1631 κατά
986 1566 1038 1652 τὴν
1057 1573 1115 1630 τῶν
1128 1565 1281 1655 Καρνείων
1305 1568 1408 1654 έορτίρν
1431 1568 1584 1654 σπέρματά
1600 1594 1643 1642 τις

340 1674 533 1759 περιθέμενος
554 1672 662 1759 τρέχει,
687 1673 886 1758 ἐπευχόμενός
908 1697 935 1736 τι
957 1679 993 1757 tp
1017 1674 1101 1736 πόλει
1122 1675 1261 1760 χρηστόν.
1292 1675 1485 1738 ἐπιδιώκουσι
1507 1676 1534 1738 δ’
1552 1674 1641 1739 αδτδν

339 1780 410 1860 νέοι,
434 1778 674 1864 σταφυλυδράμοι
696 1776 884 1861 καλούμενοι.
930 1775 980 1840 καὶ
1003 1775 1054 1842 ἐάν
1079 1776 1130 1864 μέν
1153 1777 1361 1866 καταλάβωσιν
1386 1777 1490 1862 αὐτὸν,
1525 1780 1640 1864 ἀγαθόν

341 1909 368 1948 τι
391 1886 581 1969 προσδοκῶσι
602 1880 677 1946 κατά
694 1880 731 1946 τά
751 1884 943 1969 ἐπιχῶριατῇ
961 1884 1061 1946 πόλει·
1085 1884 1111 1947 εἰ
1125 1881 1157 1948 δέ
1171 1883 1211 1968 μὴ
1228 1884 1404 1948 τούναντίον.
1448 1885 1505 1950 ΒΑ
1523 1905 1553 1968 p.
1566 1891 1641 1952 305.

429 1989 534 2074 Σταφ
545 1991 611 2052 υλο
621 1991 637 2050 δ
649 2012 664 2072 ρ
675 1989 691 2050 ά
703 2015 723 2072 μ
733 2013 748 2051 υ
759 2008 784 2051 ι’
806 1986 881 2060 τινές
903 1994 961 2052 τῶν
973 1986 1153 2073 Καρνεατῶν
1166 1994 1376 2076 παρορμῶντες
1395 1987 1463 2062 τοὺς
1481 1986 1528 2054 έπί
1548 1989 1640 2076 τράγῃ

341 2097 418 2161 Hes.
464 2093 659 2161 Confirmant
685 2095 768 2159 hunc
791 2113 913 2160 morem
933 2094 1021 2160 tituli
1044 2095 1120 2161 CJG
1142 2096 1157 2160 Ι
1183 2100 1275 2178 1381,
1312 2101 1417 2176 1388,
1450 2113 1643 2178 quamquam

342 2202 375 2266 in
400 2201 447 2268 eis
470 2205 521 2266 est
543 2198 646 2264 forma
669 2199 926 2284 σταφυλοδρόμας.

436 2312 486 2372 63.
531 2304 842 2388 Στεμματιαῖον·
866 2304 985 2389 μίμημα
1007 2310 1065 2369 τῶν
1090 2307 1236 2391 σχεδιῶν,
1258 2303 1305 2376 αἶς
1327 2303 1471 2369 ἔπλευσαν
1494 2306 1521 2368 οἱ
1540 2302 1644 2392 Ἡρα-

341 2414 459 2476 κλεῖδαι
479 2409 528 2474 τδν
554 2408 660 2494 μεταξὺ
682 2415 740 2472 τῶν
760 2405 854 2472 Ῥίων
878 2409 976 2472 τόπον.
1020 2411 1076 2474 ΒΑ
1098 2429 1129 2491 p.
1154 2416 1226 2475 305.

429 2513 815 2600 Στεμ<μ>ατιαῖον·
838 2514 958 2598 δικηλάν
979 2537 1006 2576 τι
1028 2514 1058 2576 ἐν
1082 2515 1169 2599 ἑορτῇ
1192 2514 1333 2598 πομπέων
1359 2516 1516 2600 δαιμόνων.
1562 2516 1641 2582 Hes.

343 2627 482 2711 δαίμονος
512 2620 582 2686 cod.
606 2638 687 2685 corr.
711 2619 748 2684 Ο.
772 2619 897 2684 Mhller.
921 2618 942 2683 l.
966 2639 992 2685 c.
1016 2619 1048 2684 Π
1069 2639 1100 2701 p.
1125 2625 1188 2685 344
1212 2619 1285 2686 adn.
1311 2624 1340 2701 2,
1378 2621 1429 2687 cui
1451 2621 1643 2688 adversatur

342 2729 522 2800 Lobeckius
544 2726 577 2791 in
600 2725 757 2810 Aglaoph.
780 2742 810 2806 p.
838 2730 897 2790 115
921 2723 980 2808 (ο).
1035 2724 1214 2792 Pausaniae
1236 2725 1336 2791 verba
1360 2727 1494 2809 (11120,
1519 2723 1553 2810 9)
1575 2725 1643 2807 qui·

341 2839 403 2905 bus
426 2837 466 2901 de
489 2834 550 2898 deo
572 2831 729 2913 loquitur,
760 2831 811 2895 cui
833 2828 1020 2915 Στεμματίας
1050 2848 1229 2916 cognomen
1257 2830 1334 2910 fuit,
1372 2837 1524 2913 corrupta
1556 2837 1641 2897 sunt.

343 2946 496 3010 Ceterum
518 2938 557 3003 de
581 2935 699 3020 glossis
723 2935 963 3020 σταφυλοδράμοι
986 2943 1019 3002 et
1041 2936 1250 3020 στεμματιαῖον
1280 2935 1367 3002 idem
1399 2935 1569 3002 dicendum
1591 2941 1642 3002 est

347 3054 444 3129 atque
469 3045 508 3110 de
532 3039 710 3125 Καρνεάται.

433 3156 484 3218 64.
529 3143 751 3217 Συκεάτας·
775 3146 790 3207 δ
813 3146 961 3216 Διόνυσος.
1008 3144 1048 3211 cf.
1071 3165 1102 3227 p.
1127 3151 1168 3210 46
1192 3150 1225 3211 et
1247 3146 1363 3211 Athen.
1385 3165 1417 3228 p.
1441 3151 1482 3211 78
1497 3145 1532 3212 G.

431 3262 482 3322 65.
526 3250 725 3336 Συρμαία·
760 3250 841 3334 άχῶν
864 3275 906 3321 τις
931 3250 960 3314 ἐν
985 3249 1191 3335 Λακεδαίμονι
1221 3249 1351 3314 ἔπαθλον
1382 3249 1461 3336 ἔχων
1485 3249 1640 3335 συρμαίαν.

343 3364 405 3428 ἔστι
429 3359 462 3424 δέ
486 3355 651 3445 βρωμάτιον
676 3353 725 3418 διά
747 3356 867 3427 στέατος
888 3353 939 3418 καί
963 3356 1086 3440 μέλιτος.
1135 3357 1174 3422 cf.
1198 3377 1229 3438 p.
1253 3362 1304 3422 32.

431 3471 481 3531 66.
525 3458 734 3545 Σχινάτας·
759 3460 915 3546 σχινατίων
940 3461 1020 3543 ἀρῶν
1042 3485 1085 3533 τις
1107 3460 1261 3546 ἐπιτάφιος
1284 3462 1313 3524 ἐν
1326 3459 1545 3545 Λακεδαίμονι.
1577 3462 1642 3525 An·

343 3573 450 3638 tistita
473 3588 543 3635 cum
566 3567 703 3632 aliorum
724 3566 858 3632 deorum
879 3563 1152 3632 δυῐι]’Λσκλειπιοδ
1173 3565 1323 3652 Σχοινάτα
1345 3566 1374 3628 ἐν
1399 3558 1537 3651 τῷἝλει
1559 3566 1643 3649 (vico

345 3673 496 3759 Spartae)
530 3676 798 3738 commemoratur
830 3671 863 3736 in
898 3671 973 3736 OJG
996 3673 1012 3738 Ι
1037 3678 1135 3756 1444,
1170 3672 1254 3737 υνδε
1290 3671 1470 3754 Hesychius
1501 3669 1642 3736 fortasse

346 3785 455 3865 potest
480 3777 606 3860 corrigi.

430 3892 481 3951 67.
526 3878 746 3966 Ταινάρια·
781 3881 927 3964 (Pearso.
962 3883 1031 3948 cod.
1068 3880 1241 3966 Ταιναρίας)
1275 3878 1356 3967 παρά
1390 3878 1641 3963 Λακεδαιμονίοις

347 3987 435 4076 ἑορτὴ
459 3988 665 4057 Ποσειδῶνος·
699 3982 749 4048 καί
772 3986 801 4050 ἐν
825 3984 901 4070 αὐτῇ
924 3983 1122 4072 Ταιναρισταί.
1159 3985 1302 4072 Ταίναρον
1325 3983 1382 4072 γάρ
1404 3983 1503 4049 πεδίον
1526 3983 1644 4050 Λακω-

344 4101 437 4180 νικῆς.
482 4093 520 4160 υί.
545 4091 655 4173 Steph.
678 4091 754 4173 Byz.
778 4110 803 4156 8.
819 4111 866 4158 v.:
884 4081 978 4176 Ὦρος
1002 4092 1035 4155 δέ
1052 4115 1140 4178 φησιν
1164 4093 1193 4156 ἐν
1217 4098 1253 4179 τῇ
1277 4090 1474 4180 δρθογραρίορ,
1498 4088 1641 4174 Ταίναρον

346 4199 446 4264 πεδίον
468 4205 521 4283 τῆς
543 4196 742 4279 Λακωνικῆς,
765 4193 815 4258 καί
838 4194 1009 4281 Ταιναρίται
1033 4199 1060 4261 οἱ
1080 4199 1110 4261 ἐν
1135 4197 1224 4282 αὐτῷ.

433 4305 481 4370 De
504 4304 654 4384 Neptuno
677 4299 716 4366 of.
739 4301 823 4368 Plut.
848 4301 965 4368 Cleom.
989 4308 1040 4368 22.
1093 4303 1362 4384 Pseudo-Eupol.
1386 4301 1425 4366 ir.
1456 4303 1517 4366 140
1539 4298 1643 4383 (Koch

345 4429 425 4477 com.
457 4413 524 4473 Att.
559 4407 637 4473 fr.I
666 4406 754 4490 295).
809 4407 980 4492 Jonas,
1013 4415 1071 4492 84,
1106 4413 1166 4492 86,
1198 4409 1250 4473 88.
1307 4406 1555 4472 CJ611335.
1598 4403 1644 4468 Le

346 4514 571 4580 Bas-Foucart
600 4512 620 4577 l.
644 4532 670 4578 o.
695 4517 756 4576 255
777 4513 807 4576 d.
868 4513 1099 4582 Taenariorum
1131 4512 1273 4597 catalogi
1302 4517 1378 4577 sunt
1399 4508 1484 4592 apud
1516 4507 1646 4573 eosdem

351 4625 411 4684 163
435 4617 466 4684 b.
482 4618 553 4684 ad.

353 4727 636 4738 ...-——-——-—.

419 4761 446 4828 1)
466 4759 568 4813 eontra
586 4757 658 4825 apud
677 4757 716 4815 La
737 4761 847 4815 Basiam
866 4761 931 4829 (1ο.
955 4765 1004 4814 162
1011 4762 1035 4831 j)
1055 4763 1083 4815 in
1102 4760 1183 4815 titulo
1203 4761 1431 4833 commemoratur
1450 4748 1645 4825 tepchphenara-

346 4849 427 4903 πίδων
446 4851 489 4902 καλ
507 4846 661 4919 Τινδαριδᾶν.
