3814 5370
977 373 1016 432 52

344 539 397 626 rip
431 537 541 625 ἀγορὰν
576 541 680 610 παῖδες
717 537 820 624 γυμνοί
854 545 980 613 παιᾶνας
1012 539 1153 626 στέφανοί
1176 562 1251 611 τινες
1284 537 1365 626 παρὰ
1395 535 1646 623 Λακεδαιμονίοις

348 643 469 732 ᾅδοντες
492 645 633 732 ἐχόρευον
650 641 809 709 Ἀπόλλωνι
831 651 873 730 τῷ
894 643 981 731 Καρ·
1012 647 1052 716 ὥς
1078 669 1152 730 φησι
1174 644 1321 730 Σωσίβιος
1351 645 1380 707 ἐν
1416 645 1476 716 τοῖς
1498 640 1565 728 περὶ
1587 644 1647 706 tu-

346 753 417 838 νείιρ
439 749 516 816 κατὰ
537 751 589 836 τήν
622 749 712 814 αὐτοῦ
742 750 904 834 πανήγυριν
939 749 980 822 εἰς
1011 756 1092 813 σιῶν.
1134 749 1340 835 --φέρειν
1379 751 1405 812 δ’
1430 747 1537 820 αὐτοὺς
1570 747 1647 812 ὑπό-

345 856 430 944 τιμήν
465 863 522 922 τῶν
557 857 587 920 ἐν
612 855 741 940 Θυμέαις
769 855 979 917 ἀποθανόντων
1012 879 1113 940 μνημα
1136 861 1189 939 τῆς
1212 856 1242 919 ἐν
1258 854 1357 940 Θυρέᾳ
1379 853 1539 938 γενομένης
1560 851 1644 936 νίκης

345 965 550 1048 Σπαρτιατῶν.
1009 957 1077 1032 τοὺς
1100 956 1265 1044 προστάτας
1287 966 1344 1024 τῶν
1366 957 1520 1043 ἀγομένων
1545 962 1646 1043 χορῶν

1011 1066 1040 1128 ἐν
1063 1072 1099 1150 τῇ
1124 1065 1211 1150 ἑορτή
1234 1063 1342 1150 ταότρ,
1366 1065 1415 1128 ὅτε
1436 1061 1486 1126 καὶ
1508 1060 1560 1134 τὰς
1583 1061 1646 1125 Γυ-

992 1163 1187 1263 Ιμνοπαιδιόις
1209 1171 1384 1233 ἐπιτελοῦσι.
1430 1165 1525 1252 Χυμοὶ
1544 1167 1570 1230 δ’
1589 1164 1645 1229 εἰσὶ

1009 1273 1041 1337 τό
1075 1271 1126 1359 μὲν
1158 1275 1260 1359 πρόσω
1290 1274 1422 1354 παίδων,
1460 1271 1492 1336 τὸ
1523 1273 1549 1336 δ’
1578 1273 1646 1356 ἑξῆς

1011 1378 1137 1464 ἀρίστων
1187 1377 1337 1464 (Casaub.
1382 1379 1452 1444 cod.
1485 1375 1517 1440 τὸ
1555 1378 1582 1438 δ’
1616 1377 1647 1445 tt

1011 1484 1131 1570 ἀρίστου
1165 1482 1205 1548 cf.
1228 1503 1260 1565 p.
1286 1489 1335 1550 lt.
1363 1485 1409 1568 n.)
1440 1483 1554 1568 ἀνδρῶν
1589 1505 1646 1564 γυ-

1012 1598 1090 1676 μνῶν
1115 1590 1305 1676 ὀρχουμένων
1327 1587 1378 1652 καί
1396 1587 1526 1674 ᾀδόντων
1540 1590 1647 1674 Θαλή-

1010 1720 1061 1758 του
1092 1692 1141 1758 καὶ
1163 1692 1322 1779 Ἀλκμᾶνος
1348 1689 1467 1779 ᾄσματα
1498 1692 1548 1758 καί
1578 1693 1646 1766 τοὺς

1013 1801 1227 1864 Διονυσοδότου
1259 1803 1311 1863 τοῦ
1333 1797 1480 1871 Λάκωνος
1506 1804 1642 1873 παιᾶνας.

433 1926 544 2007 Neque
567 1945 642 1991 vero
664 1925 833 1990 ridiculum
855 1924 935 1990 illud
955 1929 1015 2006 est,
1050 1925 1108 1990 sed
1131 1924 1368 2006 simplicissima
1390 1923 1516 1989 ratione
1539 1926 1647 2006 expla-

346 2032 494 2097 nandum.
540 2031 699 2096 Videlicet
721 2030 965 2111 lexicographus
988 2031 1117 2111 quidam
1141 2049 1213 2094 cum
1234 2047 1344 2094 vocem
1367 2028 1576 2113 γυμνοπαιδίαι
1597 2030 1645 2094 in·

346 2137 520 2218 terpretari
542 2136 640 2202 vellet
670 2135 751 2201 adiit
773 2135 943 2200 Sosibium.
999 2135 1067 2200 Iam
1100 2155 1169 2200 cum
1200 2135 1233 2198 in
1265 2152 1303 2201 eo
1331 2135 1401 2216 ipso
1431 2135 1518 2218 loco,
1552 2153 1646 2216 quem

346 2243 531 2307 Athenaeus
553 2242 710 2322 servavit,
741 2241 823 2305 hanc
853 2259 964 2304 vocem
985 2239 1162 2320 inveniret,
1195 2239 1351 2320 simulque
1380 2239 1584 2320 intellegeret
1606 2240 1647 2305 de

346 2348 436 2413 feriis
458 2347 567 2412 nescio
590 2345 705 2426 quibus
725 2343 825 2410 verba
847 2343 937 2426 fieri,
972 2345 1053 2409 haec
1076 2346 1189 2409 retulit
1212 2345 1255 2409 ad
1277 2345 1527 2428 gymnopaedias
1551 2353 1648 2428 atque

347 2453 455 2518 exeis
478 2469 589 2516 vocem
611 2451 844 2529 interpretatus
866 2454 925 2513 est.
961 2447 1118 2514 Nimirum
1142 2449 1256 2514 leviter
1268 2448 1393 2514 Sosibio
1416 2450 1562 2531 inspecto
1583 2469 1644 2516 non

347 2560 543 2642 cognoverat
565 2555 658 2620 homo
681 2554 735 2618 ille
757 2555 1005 2634 grammaticus,
1046 2573 1226 2619 sermonem
1261 2573 1323 2618 non
1357 2573 1428 2620 esse
1453 2556 1493 2620 de
1516 2574 1645 2640 gymno-

345 2661 471 2743 paediis
494 2660 553 2725 sed
575 2659 615 2724 de
639 2658 690 2724 die
714 2658 797 2723 iesto
821 2677 876 2723 eas
907 2660 1119 2724 antecedente
1150 2659 1200 2724 vel
1231 2679 1357 2742 quoquo
1389 2662 1483 2726 modo
1506 2661 1646 2726 cumeis

347 2767 550 2831 cohaerente.
611 2763 740 2829 Etenim
763 2764 811 2829 ita
832 2783 868 2830 se
890 2783 959 2829 rem
981 2763 1104 2830 habere
1128 2764 1317 2830 documento
1350 2769 1401 2830 est
1429 2762 1495 2827 καί
1517 2766 1647 2831 vocula:

347 2872 396 2933 ὅτε
417 2867 479 2933 καί
503 2867 555 2941 τὰς
577 2868 609 2933 Γ.
634 2869 825 2932 ἐπιτελοῦσιν.
882 2869 1064 2950 Explicatio
1088 2877 1196 2935 autem
1228 2870 1287 2934 tali
1318 2870 1412 2935 modo
1442 2875 1521 2935 nata
1543 2875 1650 2936 mater

346 2976 409 3042 fuit
430 2976 570 3041 omnium
593 2993 673 3055 quas
695 2976 728 3039 in
750 2974 862 3039 lexicis
885 2974 1045 3057 Hesychio
1076 2980 1210 3055 excepto
1239 2972 1396 3040 habemus
1426 2975 1513 3040 vocis
1536 2974 1568 3038 Γ.
1594 2994 1648 3040 ex-

267 3160 274 3168 ,
347 3081 564 3163 plicationum.
618 3079 682 3144 Sed
704 3099 740 3143 re
763 3098 839 3144 vera
862 3097 933 3144 cum
962 3080 1112 3145 lemmate
1135 3098 1197 3144 non
1228 3080 1302 3144 coit.
1357 3078 1502 3160 Namque
1533 3081 1649 3145 lemma

349 3184 489 3251 debebat
513 3203 585 3250 esse
609 3182 697 3268 ἑορτή
722 3183 813 3267 αὕτη,
845 3181 965 3246 bretol
988 3181 1039 3255 τὰς
1064 3183 1284 3267 Γυμνοπαιδίας
1306 3184 1496 3264 ἐπιτελοῦσιν,
1520 3186 1569 3249 vel
1592 3204 1650 3266 po·

348 3293 413 3357 tius
436 3308 551 3355 nomen
575 3290 659 3370 quod
683 3289 745 3355 fuit
766 3288 857 3354 feriis
880 3289 944 3354 illis
968 3289 1059 3355 nobis
1082 3297 1235 3372 quantum
1258 3289 1517 3374 videoignotum.
1559 3289 1650 3368 Quae

350 3415 421 3462 cum
444 3397 492 3460 ita
514 3395 579 3460 sint
600 3413 711 3460 ueram
733 3393 1039 3479 gynnmpaediarum
1063 3395 1311 3475 descriptionem
1327 3413 1344 3460 e
1359 3393 1483 3460 Sosibio
1500 3395 1650 3462 haustam

290 3521 292 3523 ’
350 3501 472 3566 scholio
483 3500 650 3565 Platonico
673 3501 779 3565 inesse
803 3519 1027 3566 asseveramus
1050 3508 1147 3582 atque
1166 3501 1265 3582 priori
1286 3499 1651 3584 glossaeHesychianae

349 3606 436 3687 parti
446 3606 480 3688 ¹),
504 3606 561 3670 sed
585 3605 745 3670 Sosibium
768 3605 897 3686 quidem
918 3605 1025 3670 inesse
1049 3608 1148 3670 etiam
1170 3605 1343 3687 posteriori
1364 3623 1423 3670 nec
1445 3624 1508 3669 non
1532 3606 1651 3672 ceteris

352 3712 490 3791 quaein
513 3711 624 3775 lexicis
648 3716 758 3776 extant
780 3711 867 3776 vocis
891 3709 924 3773 Γ.
949 3709 1225 3792 explicationibus
1257 3714 1292 3774 at
1312 3709 1397 3774 male
1419 3710 1626 3775 intellectum.

427 3951 453 4016 1)
473 3950 514 4004 Ne
534 3953 594 4018 quis
613 3951 732 4019 dubitet,
757 3953 882 4010 Platonis
901 3956 987 4023 ipsius
1005 3955 1088 4010 verba
1107 3972 1164 4009 rem
1183 3954 1328 4009 conficiunt
1345 3953 1478 4023 (delegi
1497 3971 1523 4020 p.
1537 3956 1588 4007 633
1600 3952 1651 4020 B):

352 4041 388 4093 ἔτι
407 4041 433 4093 δὲ
451 4041 498 4093 κοίν
516 4048 570 4099 ταῖς
588 4043 774 4113 γυμνοπαιδίαις
803 4043 878 4096 δειναὶ
903 4047 1061 4117 καρτερήσεις
1087 4044 1143 4117 παρ’
1165 4047 1226 4116 ήμῖν
1254 4046 1305 4114 (ait
1324 4044 1452 4111 Megillus
1471 4041 1651 4096 Lacedaemo·

350 4131 424 4197 nius)
443 4131 565 4200 γίγνονται
583 4137 614 4204 τῇ
633 4137 677 4184 τοῦ
697 4133 795 4203 πνίγους
815 4133 890 4206 ῥώμῃ
911 4135 1113 4207 διαμαχομένων.
1149 4134 1219 4188 Nam
1238 4151 1290 4204 quo
1310 4133 1388 4187 modo
1404 4133 1479 4185 δειναὶ
1491 4133 1651 4203 καρτερήσεις

352 4220 432 4273 nudis
450 4220 543 4286 pueris
563 4221 728 4276 carminibus
747 4223 819 4276 inter
838 4239 867 4277 se
887 4226 1056 4278 certantibus
1076 4224 1231 4278 subeundae
1250 4223 1352 4277 inerint
1378 4223 1442 4275 licet
1466 4221 1549 4275 sirius
1571 4235 1653 4288 quam

354 4311 471 4362 maxime
490 4310 567 4363 caelo
586 4312 702 4376 arserit,
730 4327 843 4378 prorsus
862 4329 904 4367 me
922 4313 1001 4381 fugit.
1038 4314 1121 4367 Aliud
1147 4329 1210 4367 vero
1237 4323 1279 4366 est
1298 4314 1325 4365 in
1345 4313 1402 4366 sole
1422 4311 1521 4365 luctari
1541 4325 1652 4377 corpus-

352 4415 405 4469 que
424 4413 560 4453 exercere.
597 4398 816 4468 Gymnopaedias
836 4412 927 4456 autem
946 4411 1052 4458 aestate
1070 4412 1146 4458 actas
1166 4419 1225 4456 esse
1244 4402 1413 4470 intellegitur
1438 4417 1472 4454 ex
1494 4399 1652 4469 Thucydide
1689 4399 1691 4404 '
1741 4397 1743 4401 ’

351 4489 389 4560 (V
408 4490 463 4557 82).
485 4520 515 4528 -
547 4489 673 4542 Ceterum
692 4490 810 4558 aliquam
831 4493 1053 4560 qualemcumque
1071 4494 1198 4546 notitiam
1222 4507 1304 4546 verae
1330 4488 1587 4560 gymnopaedisrum
1606 4504 1653 4542 na-

351 4591 431 4634 turae
449 4579 532 4632 etiam
552 4578 586 4632 ad
607 4580 760 4645 posteriora
778 4587 904 4649 tempora
923 4583 1055 4637 mansisse
1074 4581 1155 4635 docet
1173 4581 1360 4635 Philostratus
1379 4581 1439 4649 (vit.
1455 4579 1544 4647 Apoll.
1556 4578 1594 4632 VI
1605 4579 1652 4646 20)

352 4678 381 4724 et
400 4668 498 4723 Suidas
518 4684 576 4724 σν.
596 4665 866 4738 Γυμνοπαιδεία·
896 4674 913 4744 ή
942 4673 1081 4744 παλαίστρα
1109 4669 1127 4743 q]
1154 4671 1211 4730 τοὺς
1238 4671 1347 4742 ἐφήβους
1366 4667 1510 4740 Λυκοῦργος
1529 4668 1653 4740 ήνοίγκαζε

352 4773 476 4827 -quae
494 4759 578 4812 verba
596 4765 626 4812 ut
644 4760 751 4825 possint
769 4761 892 4829 intellegi
911 4761 1035 4829 Scaliger
1054 4761 1102 4830 (ad
1127 4760 1227 4814 Euseb.
1248 4761 1341 4813 chron.
1361 4776 1432 4812 num.
1449 4760 1528 4828 1347)
1547 4755 1654 4810 addidit

352 4850 475 4921 ἀλλήλους
494 4848 601 4910 πίπτειν,
622 4848 817 4918 Bernhardyus
837 4851 872 4904 ad
891 4869 983 4906 vocem
993 4848 1138 4922 Λυκοῦργος
1157 4851 1324 4918 provocavit,
1343 4849 1389 4902 ubi
1409 4856 1517 4903 extant:
1538 4845 1654 4903 οὖτοι-
