3814 5370
881 419 922 480 43

247 593 283 657 ut
305 587 503 672 complures,
537 606 619 671 quae
649 588 683 653 in
704 585 814 654 orbern
838 586 977 671 aliquem
1001 577 1098 654 certis
1120 586 1236 655 finibus
1270 588 1545 673 circumscriptum

247 695 389 762 incidere
410 694 568 777 videntur,
592 699 702 761 nostro
725 693 794 759 iure
818 695 981 775 tamquam
1005 711 1106 779 genus
1121 694 1249 776 aliquod
1265 695 1447 780 glossarum
1462 696 1547 764 inter

249 819 285 868 se
318 799 556 866 cohaerentium
596 799 745 881 quodque
773 817 836 864 non
858 799 920 866 nisi
942 804 1046 865 totum
1069 800 1253 866 consideres
1287 802 1546 883 complectamur.

248 908 353 988 Atque
377 905 463 991 elegi
485 904 615 987 quidem
636 904 719 969 hunc
741 904 775 968 in
796 901 891 969 finem
914 904 1052 988 glossas,
1087 923 1168 987 quae
1191 904 1335 986 qualibet
1356 906 1483 973 ratione
1506 909 1547 975 ad

248 1029 301 1080 res
324 1029 434 1076 sacras
458 1010 689 1093 Spartanorum
710 1009 874 1090 pertinent
896 1027 967 1074 curn
989 1015 1123 1090 propter
1145 1015 1273 1094 gratam
1287 1009 1470 1078 ubertatem
1481 1013 1547 1080 He-

249 1115 350 1200 sychii
372 1117 405 1181 in
429 1116 479 1181 his
502 1115 695 1198 praestitam
716 1119 786 1180 tum
807 1119 998 1216 propterea,
1034 1115 1108 1196 quia
1132 1134 1170 1180 ex
1192 1115 1240 1182 eis
1272 1135 1354 1198 quac
1385 1117 1548 1200 hucusque

249 1221 388 1287 disserui
410 1227 564 1304 apparet,
598 1221 631 1284 in
653 1219 704 1286 his
717 1218 741 1304 ¹)
765 1220 967 1302 potissimum
990 1220 1054 1286 alia
1076 1220 1195 1304 lexioa,
1226 1239 1308 1303 quae
1331 1228 1474 1289 aetatem
1496 1228 1547 1290 tu·

249 1329 372 1410 lerunt,
407 1344 503 1408 quam
524 1326 653 1392 minime
676 1326 709 1391 in
732 1343 862 1390 censum
884 1327 1003 1390 venire.
1048 1325 1163 1407 Itaque
1185 1327 1322 1408 primum
1346 1345 1547 1412 quaeramur,

250 1433 325 1515 quid
348 1433 389 1498 de
413 1432 551 1497 dialecto
573 1431 702 1497 illenim
725 1433 908 1516 glossarum
930 1430 973 1496 sit
994 1429 1209 1496 iudicandum.

336 1537 534 1618 Quamquam
556 1535 647 1603 varia
671 1535 802 1602 obstant
825 1535 993 1618 quominus
1015 1535 1102 1616 haecf
1124 1537 1271 1617 quaestio
1299 1537 1347 1604 ita
1377 1538 1482 1620 possit
1504 1538 1547 1605 ad

248 1643 402 1727 liquidum
424 1643 567 1725 perduci,
591 1647 627 1707 ut
649 1641 729 1706 nihil
752 1647 920 1707 remaneat
941 1639 1163 1707 dubitationis.
1208 1642 1440 1725 Praeterquam
1462 1644 1546 1710 enim

251 1749 334 1832 quod
357 1749 478 1814 multae
501 1748 628 1830 glossae
651 1753 831 1829 temporum
852 1747 1024 1828 iniquitate
1047 1752 1103 1813 aut
1128 1746 1305 1813 scribarum
1328 1749 1395 1814 sive
1416 1750 1547 1817 inscitia

251 1856 317 1921 sive
334 1854 481 1920 socordia
496 1858 666 1934 tantopere
693 1857 768 1918 sunt
783 1857 964 1933 corruptae,
989 1857 1025 1918 ut
1039 1852 1165 1918 omnino
1189 1853 1265 1934 quid
1281 1853 1430 1934 primitus
1446 1857 1547 1939 scrip·

251 1967 318 2026 tum
341 1959 439 2026 luerit
460 1959 606 2044 dignosci
630 1963 778 2040 nequeat,
803 1957 1013 2038 complurium
1037 1958 1218 2041 glossarum
1234 1960 1463 2040 explicationes
1480 1966 1549 2027 tam

255 2067 352 2132 exiles
373 2082 555 2148 paucaeque
577 2061 749 2129 verborum
770 2067 855 2145 sunt,
878 2067 914 2128 ut
936 2061 1028 2128 nobis
1051 2062 1227 2128 cavendum
1249 2065 1293 2129 sit
1314 2082 1355 2128 ne
1369 2083 1479 2131 vocem
1495 2084 1549 2132 ex-

253 2171 404 2254 plicatam
426 2189 484 2236 nos
507 2188 542 2235 re
564 2187 641 2235 vera
662 2169 853 2253 intellegere
876 2186 1014 2234 reamur.
1070 2167 1108 2232 Id
1141 2170 1226 2234 enim
1255 2169 1282 2234 si
1306 2168 1397 2236 nobis
1420 2189 1549 2254 semper

259 2277 473 2360 contingeret,
497 2274 649 2340 facillime
671 2273 824 2339 iudicium
846 2272 932 2339 ferre
954 2291 1137 2356 possemus,
1168 2275 1315 2355 quoniam
1339 2278 1373 2340 et
1396 2276 1549 2358 etymolo-

256 2381 327 2466 giae
349 2381 438 2467 leges
462 2386 494 2447 et
518 2380 648 2447 dialecti
672 2380 781 2462 ipsius,
804 2379 932 2461 qualem
954 2397 1025 2444 cum
1047 2397 1067 2443 a
1090 2379 1311 2463 grammaticis
1333 2385 1401 2445 turn
1422 2381 1548 2462 praeci·

255 2504 317 2568 pue
339 2483 602 2568 inscriptionibus
634 2484 733 2550 fuisse
767 2483 992 2568 cognovimus,
1029 2485 1195 2566 analogias
1228 2485 1330 2551 secuti
1363 2485 1550 2568 plerumque

253 2597 342 2658 carto
376 2593 572 2675 diceremus,
607 2609 670 2672 qua
695 2590 782 2656 vocis
813 2588 915 2654 forma
940 2590 1044 2655 Dores
1067 2589 1116 2656 usi
1139 2595 1257 2656 essent.
1312 2590 1432 2657 Verum
1454 2591 1550 2658 sicuti

251 2716 334 2764 nune
355 2716 408 2763 res
431 2702 482 2762 est
505 2701 706 2778 comparata,
741 2695 827 2762 nullo
858 2700 953 2777 paeto
975 2693 1067 2760 nobis
1096 2695 1174 2761 licet
1203 2695 1406 2779 discernere,
1441 2702 1548 2763 utrum

250 2803 500 2870 Lacedaemonii
532 2819 707 2883 puerorum
738 2800 868 2866 chorum
902 2801 1042 2882 aliquem
1073 2798 1221 2864 ὑαλκάδαι
1252 2800 1485 2882 appellaverint
1507 2821 1548 2868 an

250 2909 358 2992 paullo
382 2910 487 2976 aliter.
544 2907 583 2972 Id
613 2911 737 2972 tantum
769 2924 938 2988 possumus
969 2904 1130 2972 affirmare
1160 2911 1258 2988 atquc
1280 2907 1361 2973 adeo
1385 2905 1549 2992 debemus,

251 3017 372 3083 nullam
394 3034 466 3082 esse
489 3032 619 3080 causam
642 3031 699 3079 cur
721 3012 781 3078 hoc
803 3010 936 3077 verbum
959 3031 979 3077 a
1002 3011 1140 3077 dialecto
1163 3011 1274 3078 dorica
1296 3013 1434 3078 alienum
1450 3013 1548 3081 duca·

251 3140 332 3188 mus.
389 3120 519 3186 Scilicet
548 3119 685 3184 haerent
712 3118 744 3183 in
778 3117 932 3183 memoria
964 3116 1062 3182 verba
1096 3116 1357 3199 inscriptionibus
1381 3118 1549 3200 Spartanis

251 3227 330 3309 ipsis
359 3225 501 3305 tradita,
536 3243 667 3306 quorum
702 3225 756 3289 diu
790 3243 809 3289 a
839 3223 964 3289 nemine
991 3223 1229 3289 intellectorum
1250 3224 1550 3306 interpretationem

251 3351 352 3415 nuper
363 3333 490 3398 demum
501 3329 704 3413 periclitatus
714 3335 765 3396 est
776 3330 934 3395 lohannes
945 3329 1099 3395 Baunaolr
1112 3328 1206 3412 (Mus.
1217 3329 1277 3395 Rh.
1292 3335 1332 3396 38
1345 3350 1375 3412 p.
1388 3335 1451 3396 293
1463 3333 1548 3416 sqq.)

252 3461 485 3524 κασσηρατοριν,
522 3459 605 3521 poor
634 3432 684 3498 καὶ
713 3437 793 3498 loco
832 3434 886 3520 (ci.
916 3434 961 3500 Le
991 3434 1226 3500 Bas-Foucart
1255 3453 1378 3521 voyage
1409 3436 1548 3504 archdol.

253 3564 292 3611 en
322 3544 424 3611 Grbce
453 3549 486 3611 et
515 3561 555 3609 en
585 3540 662 3607 Asia
694 3541 855 3620 Mineure3
899 3539 1043 3621 inscript.
1086 3544 1146 3604 162
1172 3559 1200 3604 a.
1229 3540 1284 3624 p),
1334 3559 1415 3622 quae
1452 3542 1481 3608 si
1516 3541 1550 3609 in

252 3650 536 3734 grammaticorum
558 3645 777 3732 farraginibus
800 3650 943 3711 aetatem
966 3645 1128 3725 tulissent,
1153 3650 1231 3727 quot
1253 3646 1446 3713 coniecturis
1462 3647 1548 3714 futu-

251 3773 323 3821 rum
345 3755 460 3821 fuisset
493 3759 529 3820 ut
561 3752 815 3835 temptarentur!
872 3750 961 3829 Quae
984 3769 1056 3816 curn
1077 3750 1125 3816 ita
1148 3750 1232 3833 sint,
1255 3751 1289 3815 in
1311 3752 1371 3817 hac
1393 3751 1550 3820 disserta·

250 3860 349 3926 tionis
370 3865 465 3943 parte
487 3860 519 3924 id
542 3859 746 3941 potissimum
767 3876 879 3943 agam,
914 3861 950 3922 ut
979 3855 1106 3941 glossas
1130 3855 1171 3921 ad
1194 3854 1351 3922 sacrificia
1374 3855 1549 3939 Spartano·

251 3985 323 4033 rum
346 3970 378 4032 et
401 3965 511 4047 ludos,
545 3966 598 4048 qui
621 3964 663 4030 ad
694 3964 812 4031 cultum
843 3963 975 4029 deorum
1005 3961 1262 4044 amplificandum
1282 3962 1424 4029 instituti
1446 3969 1549 4048 erant,

251 4072 452 4154 pertinentes
476 4089 557 4153 quae
586 4076 699 4152 aperto
730 4069 860 4136 dialecti
882 4068 1020 4136 Doricae
1043 4067 1170 4154 legibus
1191 4074 1375 4153 repugnant
1406 4086 1550 4152 compre·

252 4177 409 4260 luendam,
442 4194 504 4258 quo
527 4173 614 4240 facto
636 4174 818 4241 rimandum
841 4180 907 4254 est,
940 4178 1050 4241 utrum
1070 4174 1218 4256 primitus
1240 4173 1305 4242 ista
1327 4174 1550 4258 qualicumque

326 4460 353 4529 1)
371 4458 458 4513 Extat
476 4459 583 4528 quidem
602 4463 630 4516 in
649 4457 786 4533 Hesychio
813 4463 908 4530 ingens
927 4463 967 4517 vis
986 4463 1153 4531 glossarum,
1181 4463 1279 4532 quibus
1298 4462 1331 4517 de
1350 4462 1484 4518 institutis
1503 4478 1551 4531 pu-

252 4549 331 4605 blicis
350 4549 550 4618 Spartanorum
569 4551 695 4608 dootrina'
714 4553 792 4608 uobis
811 4551 926 4607 offertur
944 4551 1053 4607 aliunde
1071 4569 1125 4607 non
1145 4560 1294 4622 comperta.
1341 4553 1461 4622 Quarum
1480 4568 1550 4623 quae

251 4639 288 4694 sit
318 4639 442 4695 condicio
475 4655 637 4710 quamquam
667 4658 720 4698 uon
748 4643 806 4698 sine
830 4641 921 4697 fructu
947 4641 1054 4696 ridetur
1085 4643 1223 4711 explorari
1242 4657 1340 4710 posse,
1372 4650 1462 4697 tamen
1480 4643 1551 4698 hanc

251 4729 439 4796 quaestionem
458 4732 602 4787 instituere
621 4747 692 4786 nunc
710 4732 884 4800 supersedeo.
921 4731 1028 4800 Operae
1047 4731 1166 4798 pretium
1183 4739 1226 4786 est
1245 4747 1384 4800 quaerere,
1404 4748 1468 4786 num
1481 4747 1550 4801 quae

181 4821 186 4829 '
253 4817 294 4872 vel
314 4820 405 4894 potius
422 4828 490 4891 quot
509 4822 544 4876 ad
563 4823 821 4878 Aristotelemssint
840 4821 1025 4889 revocandae,
1057 4836 1158 4892 quaeve
1186 4823 1213 4874 in
1243 4830 1367 4893 tempora
1397 4837 1489 4877 omnes
1508 4823 1550 4878 rel

252 4909 398 4980 pleraeque
418 4912 562 4981 quadrent.
1492 4913 1496 4920 '
