3814 5370
826 409 864 472 19

283 582 432 664 Videsne,
467 599 528 662 quo
554 580 687 646 consilio
711 580 900 662 compilator
923 579 1116 662 Thucydidis
1138 578 1254 659 verba,
1277 577 1391 662 quibus
1414 578 1492 646 nihil

192 686 349 770 proficere
372 705 406 752 se
430 682 655 766 existimabat,
690 684 857 750 omiserit?
914 683 947 749 Si
970 702 1045 750 uero
1069 685 1139 766 quis
1161 683 1240 749 mihi
1262 682 1410 750 obvertat
1432 684 1492 750 hoc

193 791 265 856 loco
287 789 489 856 manifestum
513 806 596 866 esse,
621 806 683 869 qua
706 789 831 853 ratione
856 787 1048 854 Plutarchus
1071 807 1172 871 quave
1189 794 1356 873 excerptor
1371 788 1492 855 fontem

197 913 391 961 communem
415 891 630 970 adhibuerint,
656 910 724 957 cum
748 891 940 958 Plutarchus
964 891 1027 974 eis,
1052 911 1134 974 quae
1156 893 1231 958 inde
1254 895 1388 976 sumpsit
1409 893 1492 959 iudi·

195 1001 275 1066 cium
299 1020 317 1065 a
341 998 529 1081 Thucydide
552 998 650 1064 dere
673 1002 807 1063 narrata
830 997 931 1063 latum
954 1015 993 1062 ex
1016 997 1170 1063 memoria
1201 1015 1259 1064 sua
1283 998 1401 1082 addat,
1438 1017 1493 1064 ex-

194 1109 323 1186 cerptor
345 1108 455 1170 autem
478 1101 597 1167 fontem
621 1103 723 1168 solum
746 1107 854 1183 curet,
888 1101 1004 1183 quippe
1028 1102 1082 1183 qui
1113 1101 1290 1168 eruditione
1321 1103 1494 1169 admodum

192 1209 349 1275 mediocri
371 1207 480 1290 luerit,
503 1206 561 1272 hoc
585 1211 810 1291 argumentum
832 1205 910 1271 nihil
933 1207 1028 1272 valet.
1073 1206 1156 1272 Nam
1179 1207 1290 1273 eodem
1312 1208 1382 1273 iure
1405 1205 1491 1273 affir-

194 1314 371 1393 maverim,
407 1318 627 1392 excerptorum
650 1312 737 1393 quali
761 1311 919 1376 ‘instituta
942 1310 1111 1376 Laconica‘
1135 1309 1319 1390 debeamus,
1343 1311 1423 1376 nihil
1443 1311 1491 1376 in·

197 1423 333 1496 teresse,
358 1417 433 1499 quid
455 1417 587 1498 quisque
612 1416 651 1482 de
673 1436 709 1481 re
733 1417 841 1498 aliqua
864 1416 1035 1499 censuerit,
1058 1434 1167 1482 venam
1192 1435 1246 1482 eos
1269 1416 1408 1500 uestigia
1425 1417 1492 1482 eius

199 1528 324 1587 tantum
337 1522 503 1602 scriptoris
519 1521 623 1587 solere
637 1522 729 1588 anxie
744 1541 899 1603 premere,
923 1540 1018 1603 quem
1033 1521 1125 1602 sequi
1140 1522 1241 1587 semel
1256 1521 1490 1588 constituerint.

254 1647 255 1650 ¹
280 1627 388 1691 Etiam
410 1633 508 1707 caput
532 1632 572 1690 29
596 1646 635 1692 ex
657 1626 830 1693 Plutarcho
852 1627 980 1692 videtur
1002 1628 1154 1694 haustum
1177 1645 1267 1707 esse,
1291 1627 1345 1708 qui
1369 1626 1492 1693 duobus

192 1731 272 1795 locis
293 1731 387 1813 plane
410 1731 498 1796 inter
519 1751 554 1797 se
578 1731 852 1798 consentientibus
876 1733 944 1816 (vit.
969 1733 1044 1814 Lyc.
1069 1737 1109 1798 28
1133 1738 1166 1797 et
1189 1732 1331 1796 Demetr.
1359 1732 1390 1816 1)
1425 1749 1494 1796 ser·

193 1855 249 1902 vos
274 1855 292 1900 a
313 1835 489 1917 Spartiatis
513 1835 554 1901 ad
577 1834 749 1901 bibendum
771 1836 940 1902 immodice
971 1841 1100 1902 coactos
1122 1835 1361 1919 inebriatosque
1383 1835 1492 1917 pueris

197 1942 414 2023 spectaculum
437 1939 627 2022 praebuisse
650 1940 761 2023 refert,
785 1960 846 2023 quo
869 1942 1111 2006 deterrerentur
1135 1960 1154 2006 a
1176 1941 1359 2008 vinolentia.

281 2047 351 2112 Iam
374 2065 413 2111 ex
436 2046 482 2112 eis
504 2065 586 2128 quae
616 2051 743 2112 restant
778 2051 866 2111 certo
900 2046 942 2111 ad
965 2045 1173 2111 Plutarchum
1204 2046 1386 2113 revocanda
1420 2052 1495 2113 sunt

198 2169 281 2230 quae
312 2151 418 2230 capite
449 2156 488 2216 40
517 2152 652 2234 legimus
681 2169 782 2233 usque
805 2151 847 2215 ad
870 2150 968 2216 verba
990 2149 1043 2234 τὴν
1066 2148 1182 2214 ἄνωθεν
1208 2151 1374 2237 ἱσταμένην.
1431 2153 1493 2217 De-

198 2260 349 2335 prompta
372 2255 454 2320 enim
475 2263 548 2322 sunt
571 2277 610 2322 ex
632 2257 699 2322 rita
721 2255 861 2340 Lycurgi
885 2260 942 2338 24,
976 2255 1030 2322 ubi
1053 2275 1185 2338 prorsus
1209 2257 1321 2323 eadem
1347 2263 1397 2323 est
1419 2276 1493 2323 nar·

200 2358 303 2440 ratio,
337 2359 364 2424 si
395 2361 522 2441 quidem
552 2367 662 2427 tacere
693 2361 769 2426 licet
800 2361 840 2426 de
871 2361 1049 2444 lenissimis,
1072 2361 1242 2428 verborum
1264 2361 1493 2428 mutationibus

196 2460 304 2544 factis,
327 2463 465 2547 indignis
488 2465 642 2549 profecto,
666 2484 749 2547 quae
772 2473 1068 2532 commemorentur.
1114 2468 1156 2533 At
1179 2467 1295 2533 desunt
1318 2468 1404 2549 apud
1419 2468 1493 2534 Plu·

195 2568 345 2633 tarchum
368 2575 528 2637 extrema:
552 2569 696 2656 ἐπάρατον
721 2572 747 2633 δ’
764 2571 799 2655 ἦν
823 2570 956 2642 πλείονός
978 2595 1041 2634 τινα
1063 2572 1222 2656 μισθῶσαι,
1245 2569 1294 2636 ἵνα
1315 2573 1421 2637 ἐκεῖνον
1444 2571 1494 2658 μὲν

195 2671 396 2754 κερδαίνοντες
419 2675 518 2759 ἡδέως
539 2675 731 2760 ὑπηρετῶσιν,
757 2675 836 2739 οὗτοι
860 2673 892 2738 δὲ
916 2675 956 2760 μὴ
979 2676 1066 2739 πλέον
1085 2677 1257 2761 ἐπιζητῶοι.
1313 2678 1351 2742 In
1381 2677 1495 2760 quibus

199 2775 330 2843 verbum
364 2780 517 2862 μισθῶσαι
549 2800 611 2847 non
642 2782 723 2847 satis
756 2787 831 2863 apte
863 2800 933 2848 esse
963 2786 1152 2864 usurpatum
1174 2787 1263 2848 recte
1286 2783 1409 2848 monuit
1429 2783 1494 2849 iam

202 2879 378 2949 Odolredus
401 2885 537 2952 Mueller
570 2885 646 2969 (Die
669 2887 785 2952 Dorier
816 2885 862 2951 11²
883 2906 913 2967 p.
939 2891 979 2952 30
1008 2887 1080 2952 adn.
1105 2888 1149 2970 2).
1212 2886 1275 2952 Sed
1308 2887 1428 2952 erravit
1460 2891 1497 2952 ut

201 2986 278 3051 mihi
299 2989 426 3055 videtur
448 2991 600 3076 egregius
622 2991 688 3073 vir,
723 2995 835 3056 contra
858 3008 951 3071 quem
981 3009 1032 3056 me
1061 3009 1206 3075 pugnare
1237 2989 1324 3054 haud
1354 2990 1420 3055 scio
1454 3008 1495 3054 an

204 3090 294 3157 nefas
313 3094 365 3176 sit,
389 3095 421 3159 in
446 3115 494 3178 eo,
518 3096 601 3177 quod
624 3098 684 3162 hoc
708 3097 777 3162 loco
801 3094 937 3162 confisus
960 3114 996 3160 re
1019 3113 1096 3161 vera
1108 3095 1290 3177 Spartiates
1309 3095 1496 3178 popularem

202 3196 256 3276 qui
278 3199 378 3264 maius
402 3218 505 3280 aequo
527 3199 684 3267 tributum
707 3200 747 3266 ab
770 3201 879 3266 helota
912 3199 1060 3283 exigebat
1090 3219 1161 3266 esse
1184 3204 1351 3266 execratos
1373 3204 1495 3264 namat.

198 3298 282 3366 Sane
314 3303 443 3384 quidem
478 3303 514 3369 G.
538 3305 572 3369 F.
598 3304 835 3371 Schoemannus
867 3305 1009 3388 (Antiqu.
1034 3303 1088 3369 Gr.
1112 3305 1128 3368 1
1150 3323 1179 3386 p.
1207 3304 1281 3387 197)
1316 3305 1346 3369 ei
1380 3304 1441 3370 hac
1463 3303 1496 3368 in

195 3423 231 3470 re
262 3411 312 3472 est
342 3407 567 3490 adstipulatus.
623 3409 743 3475 Verum
775 3410 852 3474 licet
879 3409 912 3473 in
935 3409 1166 3490 Spartanorum
1197 3427 1234 3474 re
1256 3407 1385 3491 publica
1406 3410 1496 3476 locus

196 3508 295 3576 fuerit
317 3511 377 3576 tali
400 3514 612 3592 execrationi,
636 3519 745 3579 tamen
767 3515 847 3579 haec
871 3513 1041 3579 manifesto
1066 3532 1084 3578 e
1107 3512 1194 3579 fonte
1217 3520 1442 3596 provenerunt,
1464 3514 1497 3578 in

200 3637 259 3700 quo
283 3639 323 3686 ex
346 3637 455 3685 eorum
476 3638 582 3699 more,
618 3619 672 3701 qui
700 3619 864 3684 ciuitatem
886 3618 1088 3702 Lycurgeam
1110 3619 1214 3700 qualis
1243 3637 1278 3683 re
1301 3637 1379 3684 vera
1399 3617 1497 3684 luerit

199 3721 386 3808 ignorantes
420 3743 491 3790 eam
526 3725 606 3790 satis
638 3724 765 3790 laudari
787 3743 850 3789 non
870 3741 967 3805 posse
989 3721 1165 3805 putabant,
1199 3723 1239 3788 de
1263 3722 1495 3806 Spartanorum

200 3827 357 3896 institutis
380 3829 578 3911 disputatrun
600 3835 671 3895 erat
694 3866 734 3876 —-
757 3829 790 3894 id
811 3829 895 3912 quod
917 3829 951 3894 in
972 3847 1088 3911 magna
1110 3833 1204 3910 parte
1220 3828 1388 3895 Plutarchi
1409 3829 1495 3894 vitae

198 3932 339 4020 Lycurgi
361 3935 516 4001 accidisse
539 3935 692 4001 videmus.
739 3936 853 4017 Itaque
876 3933 957 4001 fides
979 3935 1031 4000 uix
1053 3939 1103 4000 est
1126 3934 1248 4000 ultimis
1269 3933 1364 4000 huius
1379 3933 1495 4015 capitis

197 4039 305 4106 verbis
327 4039 486 4116 habenda,
511 4059 592 4123 quae
616 4040 855 4107 ‘institutorum'
879 4045 992 4106 auctor
1015 4040 1114 4106 etiam
1131 4059 1170 4104 ex
1192 4039 1318 4122 ingenio
1342 4058 1399 4106 suo
1416 4058 1493 4122 qua-

197 4145 365 4227 lecumque
387 4144 420 4210 id
443 4144 505 4212 fuit
527 4145 656 4212 adicere
678 4151 817 4227 poterat.
871 4144 954 4210 Nam
977 4164 1049 4210 cum
1070 4146 1103 4209 in
1124 4145 1298 4211 Plutarcho
1321 4163 1378 4213 suo
1400 4147 1496 4229 legis·

199 4255 268 4332 set,
303 4256 429 4331 partem
458 4250 691 4317 frumentorum
712 4251 885 4333 Spartiatis
917 4249 957 4316 ab
989 4251 1106 4316 helotis
1129 4250 1336 4316 deferendam
1369 4250 1497 4336 legibus

199 4356 408 4422 constitutam
431 4355 548 4440 luisse,
581 4374 718 4439 poenam
748 4354 956 4422 desiderabat
988 4356 1110 4438 eisqui
1132 4374 1225 4421 secus
1248 4362 1357 4422 essent
1380 4356 1497 4423 facturi

200 4459 393 4542 impositam.
454 4459 556 4537 Quam
580 4461 728 4542 quoniam
758 4461 878 4526 nullam
898 4459 1099 4543 inveniebat,
1135 4461 1337 4527 execratione
1369 4467 1498 4528 cautum

200 4563 299 4631 fuisse
322 4563 384 4630 sibi
403 4563 513 4648 finxit,
547 4585 586 4632 ne
617 4567 706 4649 leges
735 4566 961 4651 migrarentur.
990 4603 1027 4614 -
1061 4565 1360 4650 Quomodocumque
1391 4573 1499 4632 autem

200 4687 252 4735 res
275 4667 443 4753 sehabet,
465 4669 608 4737 instituti
628 4671 714 4737 illius
736 4676 855 4738 testem
868 4670 1027 4738 adibimus
1044 4670 1260 4737 Plutarchum.
1294 4671 1378 4737 Num
1394 4690 1499 4754 poena

202 4773 266 4840 ista
286 4773 438 4855 imposita
461 4774 559 4842 fuerit
581 4795 703 4843 morem
724 4775 946 4860 migrantibus,
971 4775 1112 4843 dubitari
1133 4794 1229 4859 posse
1252 4777 1388 4844 videtur.
1434 4778 1498 4844 Sed

206 4881 232 4952 si
255 4881 323 4967 quis
346 4879 442 4948 fidem
464 4881 564 4949 faciat
586 4883 767 4966 excerptori
789 4883 829 4949 de
853 4902 891 4948 ea
914 4882 1097 4967 disserenti,
1121 4887 1233 4949 contra
1255 4902 1319 4948 non
1338 4881 1498 4969 pugnabo.

1169 4987 1214 5056 2*
