3814 5370
1018 395 1058 458 26

394 581 475 646 quae
498 564 716 652 continentur,
749 566 825 632 licet
847 565 1017 634 admodum
1039 565 1214 634 levidensis
1238 565 1301 632 sint
1324 602 1365 613 -
1388 571 1521 650 excepto
1543 566 1682 635 fortasse

393 669 499 752 capite
522 674 561 736 25
586 671 626 738 de
648 671 749 738 sacris
770 672 868 739 Marti
890 671 1048 740 faciundis
1070 678 1244 738 —tamen
1267 690 1338 739 cum
1359 672 1419 738 hoc
1442 691 1503 739 uno
1526 673 1595 741 loco
1617 674 1682 740 sint

391 774 514 841 tradita
537 793 574 842 sc
596 775 695 859 probe
726 796 796 844 cum
823 778 956 859 reliquis
978 777 1305 844 Lacedaemoniorum
1335 776 1475 843 moribus
1504 778 1682 863 concinant,

391 879 471 946 haec
494 885 615 947 temere
637 901 698 946 non
721 888 796 948 sunt
817 885 916 948 missa
945 880 1101 948 facienda.
1162 882 1267 948 Causa
1300 901 1374 948 vero
1409 902 1465 948 cur
1496 884 1684 969 tragoedias

392 987 634 1071 comoediaeque
656 988 838 1070 respuerint
860 988 1124 1071 Lacedaemonii,
1148 988 1228 1054 satis
1250 988 1360 1070 inepta
1383 988 1460 1053 mibi
1482 988 1625 1072 videtur,
1647 994 1685 1056 ut

390 1090 496 1158 fictam
519 1112 589 1159 eam
612 1112 682 1160 esse
706 1095 892 1161 existimem.
948 1094 1105 1160 Nimirum
1129 1093 1280 1176 Spartani
1311 1093 1432 1180 ingenii
1454 1112 1516 1161 non
1539 1101 1610 1162 erat
1631 1100 1682 1163 ta·

390 1198 453 1263 lem
474 1200 586 1280 poesin
608 1200 750 1266 iuvenire
773 1218 850 1266 eave
873 1199 937 1265 lrui
961 1199 1189 1281 delectarique.

475 1303 590 1371 Restat
612 1304 811 1372 utbreviter
834 1324 915 1388 quae
939 1305 1069 1387 exposui
1086 1304 1362 1387 comprehendam.
1407 1306 1439 1372 Is
1452 1306 1505 1387 qui
1525 1307 1683 1374 ‘instituta

388 1410 556 1476 Laconica‘
580 1412 787 1494 conscripsit,
824 1409 966 1476 lontibus
995 1411 1062 1476 suis
1084 1409 1295 1496 neglegenter
1327 1429 1404 1477 usus
1433 1417 1483 1478 est
1513 1431 1550 1478 ac
1573 1414 1682 1480 stulte.

388 1515 438 1581 Ex
460 1517 506 1582 eis
530 1536 612 1600 quae
635 1523 747 1582 narrat
768 1535 885 1601 magna
907 1535 982 1598 pars
1005 1522 1131 1598 sumpta
1154 1521 1204 1582 est
1220 1535 1259 1581 ex
1275 1517 1438 1583 Plutarchi
1455 1518 1522 1584 vita
1533 1520 1681 1605 Lycurgi,

388 1623 512 1704 reliqua
534 1622 732 1688 redeuntes}
755 1620 872 1687 librum
894 1623 1032 1703 aliquem
1053 1618 1118 1706 περί
1141 1620 1287 1692 πολιτείας
1312 1620 1569 1708 Λακεδαιμονίων,
1594 1625 1683 1692 cuins

388 1733 500 1796 auctor
523 1733 555 1796 et
577 1729 645 1811 ipse
663 1728 771 1810 copias
787 1726 827 1792 ab
845 1727 916 1792 aliis
940 1725 981 1812 (e.
995 1746 1026 1811 g.
1050 1726 1226 1810 Herodoto,
1249 1727 1469 1812 Xenophonte,
1492 1729 1681 1814 Aristotele)

386 1840 519 1916 paratas
544 1831 728 1900 adhibuisse
750 1851 808 1899 nec
831 1851 893 1898 non
917 1831 1058 1913 opinioni
1081 1837 1177 1914 atque
1200 1833 1330 1916 ingenio
1347 1832 1520 1900 indulsisse
1544 1834 1680 1901 videtur.

388 1939 484 2005 Certe
515 1939 554 2004 de
583 1936 726 2021 pluribus
760 1936 883 2003 duobus
917 1935 1059 2002 fontibus
1089 1943 1125 2002 ut
1158 1937 1336 2021 cogitemus
1369 1938 1456 2003 nulla
1478 1957 1532 2004 res
1555 1939 1679 2006 suadet.

387 2045 501 2127 Itaque
523 2045 595 2110 novi
617 2044 696 2109 nihil
717 2043 785 2110 fere
808 2044 919 2127 docet,
954 2063 1026 2109 cum
1048 2042 1207 2125 capitibus
1237 2043 1396 2108 nonnullis
1428 2063 1499 2110 eum
1529 2064 1597 2110 rem
1626 2047 1682 2112 ali·

388 2169 482 2232 quam
504 2150 632 2216 aliunde
654 2155 849 2230 compertam
879 2149 963 2214 iusto
996 2149 1100 2233 magis
1124 2148 1251 2214 auxisse
1275 2153 1439 2229 appareat.
1497 2148 1585 2227 Quae
1608 2171 1680 2218 vero

388 2253 487 2322 habet
517 2254 709 2337 peculiaria,
746 2255 779 2319 in
813 2255 900 2320 calce
935 2253 1161 2334 disputationis
1195 2252 1288 2318 huius
1322 2253 1496 2336 adscripsi,
1533 2257 1681 2337 quoniam

388 2359 516 2426 etiamsi
536 2365 659 2425 certum
681 2359 852 2425 arbitrium
875 2359 915 2424 de
938 2359 985 2424 eis
1001 2357 1109 2423 lacere
1125 2376 1186 2423 non
1202 2375 1380 2441 possumus,
1405 2377 1477 2424 cum
1491 2361 1677 2427 testimoniis

387 2467 580 2547 scriptorum
602 2466 655 2547 qui
676 2464 739 2530 fide
758 2469 832 2530 sunt
851 2464 940 2548 digni
964 2464 1003 2528 de
1030 2481 1139 2529 rerum
1154 2464 1383 2528 Laconicarum
1400 2465 1583 2532 condicione
1599 2465 1673 2530 bone

386 2577 510 2638 coeunt.
570 2570 657 2649 Quae
680 2590 752 2636 cum
772 2571 818 2636 its
840 2570 923 2652 sint,
946 2570 978 2634 in
1001 2569 1051 2638 bis
1073 2573 1198 2634 tantum
1224 2587 1410 2651 anonymum
1432 2570 1670 2655 Pseudoplutar·

386 2676 480 2742 chum
503 2681 630 2755 curent,
665 2676 793 2757 quires
815 2673 1141 2741 Lacedaemoniorum
1163 2674 1294 2740 student
1324 2692 1528 2758 cognoscere.
1585 2674 1676 2742 Deni-

386 2801 447 2865 que
470 2801 531 2866 quo
554 2789 700 2863 tempore
723 2781 910 2863 compilator
933 2784 1084 2861 excerpta
1104 2779 1161 2845 illa
1183 2777 1384 2863 conflaverit,
1414 2782 1513 2846 certis
1535 2781 1679 2848 terminis

385 2887 647 2956 circumscribere
676 2907 739 2952 non
767 2905 944 2970 possumus.
1008 2885 1071 2950 Sed
1102 2903 1172 2950 cum
1204 2886 1329 2951 ratione
1366 2883 1479 2950 eadem
1513 2905 1575 2967 qua
1607 2905 1682 2968 apo-

385 2994 598 3078 phthegmata
621 2993 778 3058 Laconica
803 2991 979 3073 composita
1001 2991 1075 3070 sint,
1100 2995 1196 3071 atque
1219 2987 1260 3054 ab
1284 2988 1460 3057 editoribus
1482 2991 1563 3056 hanc
1588 3009 1683 3056 unam

388 3097 428 3165 ob
452 3117 582 3166 causam
604 3100 732 3180 proprio
755 3099 850 3163 titulo
872 3098 1031 3162 instructa
1055 3106 1126 3161 esse
1141 3095 1319 3177 videantur,
1343 3096 1500 3176 quianon
1523 3096 1610 3162 dicta
1634 3097 1681 3162 eis

384 3210 556 3270 narrantur
579 3203 636 3270 sed
659 3223 712 3269 res
735 3210 768 3269 et
790 3205 938 3268 instituta
965 3202 1196 3283 Spartanorum
1217 3206 1425 3284 exponuntur,
1448 3202 1528 3266 nihil
1549 3220 1682 3283 prorsus

386 3308 516 3375 obstare
545 3305 704 3386 arbitror,
742 3309 907 3390 quominus
932 3304 973 3371 ab
1004 3306 1117 3372 eodem
1147 3306 1273 3371 homine
1302 3306 1474 3372 mediocris
1504 3307 1626 3393 ingenii
1649 3313 1683 3373 et

385 3414 658 3499 apophthegmata
679 3414 840 3480 Laconica
863 3420 896 3478 et
917 3411 1067 3476 instituta
1090 3411 1266 3492 composita
1289 3429 1361 3476 esse
1384 3415 1573 3494 statuamus,
1597 3410 1626 3476 h.
1652 3429 1681 3477 e.

384 3519 489 3586 medio
512 3517 580 3586 fere
603 3519 731 3586 saeculo
754 3519 857 3584 altero
880 3539 910 3600 p.
935 3517 991 3582 Ch.
1015 3536 1044 3581 n.
1069 3514 1109 3581 cl.
1134 3515 1287 3582 Schmidt.
1310 3517 1331 3580 l.
1355 3534 1382 3581 c.
1406 3535 1437 3597 p.
1462 3521 1503 3582 50
1525 3534 1593 3599 sqq.

472 3837 549 3918 Gap.
573 3836 658 3903 VIII.
696 3831 795 3906 Ἔθος
817 3835 852 3919 ήν
875 3831 924 3897 καί
946 3832 1013 3904 τοὺς
1034 3832 1195 3917 νεωτέρους
1218 3828 1273 3893 ὑπὸ
1297 3835 1354 3894 τῶν
1378 3833 1582 3918 πρεσβυτέρων
1605 3832 1680 3918 ἐρω-

384 3943 502 4024 τᾶσθαι,
525 3945 583 4006 ποῦ
605 3940 779 4027 πορεύονται
801 3937 850 4003 καί
872 3937 919 4003 ἐπί
942 3939 986 4002 τί·
1014 3935 1134 4001 καὶτὸν
1159 3935 1200 4021 μή
1224 3937 1451 4021 ἀποκρινόμενον
1474 3943 1494 4022 ή
1518 3936 1681 4024 προφάσεις

383 4049 528 4114 πλέκοντα
550 4048 751 4131 ἐπιπλήττειν·
787 4047 802 4109 ό
827 4043 859 4108 δὲ
883 4044 923 4129 μή
960 4043 1143 4128 ἐπιπλήττων
1175 4042 1318 4127 παρόντος
1349 4041 1440 4108 αὐτοῦ
1463 4042 1676 4129 ἁμαρτάνοντα,

387 4153 491 4237 ἔνοχος
511 4154 547 4238 ἦν
571 4157 613 4239 τῷ
634 4149 690 4238 ίοφ
713 4150 848 4237 ἐπιτιμίῳ
872 4153 972 4235 ὥσπερ
994 4146 1044 4212 καί
1067 4150 1083 4212 ὁ
1106 4148 1262 4234 ἁμαρτών·
1294 4145 1345 4210 καί
1374 4150 1390 4211 b
1413 4149 1613 4235 δυσχεραίνων
1637 4147 1679 4231 δέ,

385 4261 411 4324 εί
433 4261 600 4345 ἐπιτιμῷτο,
625 4259 654 4322 ἐν
679 4255 801 4342 μεγάλιρ
824 4256 930 4320 ὀνείδει
951 4255 998 4341 ήν.

471 4366 547 4447 Cap.
570 4364 669 4430 XXV.
705 4355 801 4428 Ὅταν
824 4362 1047 4447 στρατηγήματι
1067 4357 1135 4432 τοὺς
1160 4359 1319 4444 πολεμίους
1347 4361 1510 4445 νικήσωσι,
1548 4362 1616 4447 βοῦν
1638 4365 1682 4446 τῷ

379 4470 458 4556 Ἄρει
480 4468 619 4534 θύουσιν·
644 4469 711 4533 ὅταν
736 4470 762 4532 δ’
786 4469 819 4531 ἐκ
841 4471 892 4531 τοῦ
915 4470 1054 4553 φανεροῦ,
1079 4465 1278 4549 ἀλεκτρυόνα·
1300 4464 1449 4538 ἐθίζοντες
1465 4463 1533 4537 τοὺς
1546 4464 1680 4550 ἡγουμέ-

383 4600 450 4648 νους
474 4574 508 4638 οό
533 4574 618 4660 μόνον
642 4572 820 4659 πολεμικοὺς
842 4571 920 4637 ἀλλὰ
941 4570 991 4636 καί
1015 4567 1226 4657 στρατήγικοὺς
1249 4567 1332 4634 εἶναι.

471 4681 548 4763 Cap.
572 4679 718 4747 XXVIII.
760 4676 953 4762 Ἐπιλέγουσι
976 4675 1009 4742 δέ
1031 4674 1081 4740 καί
1102 4677 1376 4762 παροιμιαζόμενοι,
1413 4674 1464 4740 τὰν
1487 4675 1575 4762 χεῖρα
1597 4701 1683 4741 ποτι-

385 4786 513 4874 φέροντα
534 4783 585 4850 τοίν
607 4783 700 4872 τύχαν
722 4787 837 4851 καλεῖν·
870 4788 911 4858 ὡς
940 4783 1006 4848 δέον
1029 4782 1236 4847 ἐπικαλεῖσθαι
1258 4779 1325 4855 τοὺς
1347 4778 1437 4854 θεοὺς
1460 4779 1534 4868 μετὰ
1555 4785 1607 4846 τοῦ
1628 4782 1682 4866 ἐγ-

387 4893 495 4985 χειρεῖν
519 4916 546 4960 τι
568 4889 618 4958 καί
641 4889 786 4982 πρέπειν,
808 4889 907 4965 ἄλλως
931 4888 964 4954 δέ
988 4890 1040 4976 μή.
