3814 5370
1011 389 1051 450 24

383 560 520 627 Aliunde
542 560 744 626 notissimum
773 563 842 642 est,
877 563 996 641 quanta
1018 557 1212 625 strenuitate
1235 558 1482 626 Lacedaemonii
1504 559 1625 626 vetusti
1647 559 1680 626 in

382 665 527 732 homines
549 665 693 732 luxuriae
714 664 766 731 vel
787 663 934 746 ignaviae
957 661 1108 729 obnoxios
1131 663 1372 730 vindicaverint.
1419 663 1507 740 Quae
1530 684 1605 732 vero
1627 666 1678 732 his

386 768 545 852 capitibus
569 771 782 851 continentur,
804 785 868 832 non
890 785 1022 849 prorsus
1044 768 1222 834 reiecerim.
1276 769 1475 850 Quamquam
1502 789 1566 836 non
1588 790 1679 856 mag·

381 893 441 941 nus
465 879 515 941 111
538 894 647 942 eorum
668 893 754 941 usus.
787 871 900 955 Neque
923 873 1008 939 enim
1031 872 1158 953 scimus,
1183 875 1254 956 quis
1276 872 1374 940 fuerit
1394 874 1448 940 ille
1472 875 1679 959 Seiraphides

386 979 507 1065 (potest
527 981 556 1046 is
580 998 652 1046 esse
684 997 778 1061 quem
808 980 920 1044 eontra
943 975 1143 1059 Lysandrum
1172 978 1327 1044 detulisse
1358 984 1472 1045 auctor
1505 980 1681 1046 11111111-

385 1103 520 1168 pompus
542 1103 592 1166 ap.
615 1084 699 1150 Plut.
723 1084 796 1166 Lys.
824 1082 876 1165 17)
898 1082 950 1147 ν11
972 1081 1190 1165 Cephisopho,
1223 1101 1325 1165 neque
1349 1084 1452 1150 adbuc
1480 1084 1610 1151 inventa
1632 1090 1683 1151 est

385 1187 487 1272 proba
508 1187 735 1270 interpretatio
757 1187 874 1270 capitis
898 1191 948 1252 37.
1005 1184 1069 1251 Sed
1091 1185 1230 1253 fortasse
1260 1187 1322 1253 erit
1352 1193 1498 1273 tempus,
1533 1209 1594 1273 quo
1616 1210 1682 1259 me·

387 1295 449 1361 lius
471 1311 524 1360 res
547 1293 590 1358 sit
613 1311 752 1359 cessura.

472 1397 626 1462 Veterum
648 1396 736 1462 locos
758 1397 813 1478 qui
845 1401 920 1462 sunt
953 1394 993 1461 de
1021 1413 1193 1478 puerorum
1223 1394 1430 1464 acerbissima
1458 1400 1683 1469 verberatione

385 1501 522 1584 Spartae
545 1499 586 1566 ad
609 1500 731 1567 Dianae
755 1519 846 1566 aram
870 1500 1011 1566 exercita
1033 1500 1273 1566 accuratissime
1296 1503 1425 1584 collegit
1447 1503 1582 1572 Trieber
1604 1507 1681 1590 (1.1.

384 1627 415 1690 p.
431 1605 496 1692 23).
532 1604 617 1683 Quos
632 1605 742 1670 sicum
766 1605 1004 1671 ‘institutorum'
1021 1604 1180 1686 11111139
1200 1605 1437 1692 contulerimus,
1461 1610 1540 1677 duas
1556 1617 1681 1678 tantum

386 1731 440 1778 res
463 1709 503 1777 ab
526 1709 597 1776 aliis
620 1709 832 1792 scriptoribus
856 1729 918 1775 non
940 1709 1080 1775 traditas
1102 1710 1307 1777 inveniemus.
1352 1711 1495 1781 Primum
1517 1715 1602 1781 enim
1624 1715 1680 1782 do-

386 1834 495 1883 cemur
515 1821 620 1881 totum
643 1816 726 1882 diem
749 1818 809 1882 hae
832 1814 1049 1900 flagellatione
1073 1833 1145 1882 esse
1168 1821 1399 1901 consumptum,
1423 1820 1509 1900 quod
1523 1820 1551 1886 si
1570 1840 1679 1889 nume-

385 1940 441 1987 rus
473 1939 645 2003 puerorum
678 1919 865 2003 verberibus
895 1919 1140 2006 affligendorum
1172 1918 1293 1987 affatim
1321 1941 1457 2007 magnus
1480 1929 1550 1990 erat
1571 1943 1681 1991 verum

388 2044 459 2092 essa
481 2031 608 2109 potest;
631 2029 700 2092 tum
722 2027 821 2092 semel
844 2031 971 2091 tantum
993 2025 1129 2110 singulis
1145 2026 1236 2091 annis
1251 2025 1310 2090 hoc
1325 2027 1489 2093 eccidisse.
1535 2028 1681 2096 Scholion

388 2136 495 2198 autem
519 2131 603 2213 quod
626 2135 677 2196 est
699 2131 745 2199 ad,
762 2131 907 2196 Platonis
929 2130 1020 2214 leges
1042 2129 1058 2192 1
1078 2149 1109 2211 p.
1134 2134 1196 2195 633
1219 2130 1245 2194 Β
1268 2131 1495 2213 respicientes,
1520 2151 1582 2215 quo
1606 2134 1680 2201 Dia-

385 2257 446 2304 nae
469 2238 636 2303 antistitae
661 2253 796 2320 magnas
818 2238 928 2315 partes
951 2233 1125 2299 inhaere
1148 2233 1248 2300 fuisse
1270 2233 1389 2316 1111111,
1420 2236 1508 2302 illum
1531 2237 1679 2304 verbera·

385 2343 483 2410 tionis
507 2342 591 2408 diem
614 2340 732 2407 festum
756 2337 953 2404 celebratum
976 2355 1047 2403 esse
1069 2338 1155 2404 ultro
1179 2342 1410 2423 consequimur.
1456 2341 1524 2420 Quo
1547 2342 1678 2425 probato

386 2448 481 2515 simul
502 2466 566 2513 non
590 2444 800 2512 dubitandum
823 2449 891 2526 est,
916 2443 990 2525 quin
1014 2462 1084 2509 eam
1107 2462 1177 2534 rem
1199 2451 1367 2528 excerptor
1389 2451 1478 2512 recte
1499 2446 1673 2512 tradiderit.

472 2552 627 2617 Extrema
649 2548 888 2614 ‘institutorum'
912 2549 1019 2629 capita
1043 2546 1146 2631 (4111
1168 2551 1223 2631 42)
1247 2550 1350 2616 cuioui
1372 2551 1494 2617 auctori
1516 2550 1672 2633 debentur,

387 2657 428 2725 ad
452 2656 614 2738 exemplar
637 2653 756 2738 epilogi
779 2653 955 2734 composite
971 2659 1055 2736 sunt,
1079 2672 1172 2735 quern
1183 2654 1338 2736 Xenopho
1361 2674 1439 2722 suae
1453 2656 1676 2722 Laconicamm

386 2760 716 2846 rerumpublicarum
739 2757 948 2839 descriptioni
965 2757 1092 2823 addidit
1114 2759 1197 2841 (cap.
1215 2760 1279 2842 14).
1324 2759 1407 2826 Nam
1429 2780 1500 2828 cum
1522 2761 1681 2827 artissime

386 2867 472 2933 inter
500 2885 535 2932 11
569 2865 781 2939 cohaereant,
815 2881 877 2928 non
910 2861 1059 2928 videntur
1088 2863 1166 2928 mihi
1200 2865 1369 2930 seiunctim
1400 2883 1472 2932 esse
1504 2865 1682 2932 tractanda.

387 2973 516 3040 Summa
538 2971 690 3036 videlicet
711 2968 827 3051 capitis
850 2973 891 3032 42
914 2968 946 3032 in
970 2987 1007 3034 eo
1032 2973 1083 3035 est
1104 2973 1141 3034 ut
1159 2968 1397 3037 demonstretur
1413 2976 1610 3054 quantopere
1623 2972 1684 3038 La·

388 3076 585 3144 cedaemonii
607 3079 777 3158 postquam
808 3074 906 3138 semel
940 3073 980 3139 de
1004 3075 1143 3157 Lycurgi
1175 3072 1303 3158 legibus
1326 3075 1533 3157 deflexerint,
1568 3078 1685 3144 sensim

389 3181 570 3262 sensimque
592 3181 625 3243 in
647 3177 842 3243 deteriorem
863 3177 912 3242 rei
934 3174 1082 3258 publicae
1106 3182 1227 3243 statum
1249 3180 1315 3244 sint
1338 3178 1471 3263 delapsi,
1495 3200 1684 3265 quamquam

386 3285 472 3352 haud
491 3303 567 3349 raro
590 3282 686 3347 etiam
711 3287 875 3347 1111111
898 3281 1035 3348 Graecia
1059 3287 1278 3367 everteretur,
1301 3285 1442 3369 insignia
1462 3286 1684 3367 praeclarissi-

387 3409 459 3460 mae
482 3407 559 3454 suae
582 3387 821 3453 constitutionis
844 3386 1035 3453 documenta
1058 3386 1234 3454 dedissent.
1289 3389 1404 3471 Itaque
1434 3389 1554 3457 factum
1577 3396 1687 3458 estut

387 3495 517 3563 tandem
539 3493 572 3558 in
594 3493 810 3556 Romanorum
831 3491 1002 3572 imperium
1024 3491 1260 3576 redigerentur.
1307 3492 1420 3574 Capite
1443 3513 1518 3560 vero
1541 3497 1685 3579 proximo

388 3599 512 3667 dnobus
544 3596 697 3677 exemplis
730 3595 957 3678 comprobatur
989 3597 1207 3664 inconstantia
1230 3597 1460 3679 Spartanorum
1492 3599 1525 3664 in
1558 3599 1685 3685 legibus

387 3703 564 3789 Lycurgeis
585 3702 647 3767 rite
670 3699 878 3767 observandis
901 3702 1081 3783 conspicua.
1127 3702 1191 3768 Sed
1214 3701 1298 3784 quod
1320 3704 1352 3767 in
1374 3701 1481 3770 fronte
1505 3706 1620 3786 capitis
1643 3711 1681 3770 41

386 3809 494 3894 posuit
517 3811 685 3888 excerptor
708 3805 849 3891 ἀπείρητο
874 3807 900 3868 δ’
924 3805 1021 3878 αὐτοῖς
1044 3804 1163 3879 ναύταις
1186 3803 1330 3870 εἶναικαὶ
1352 3809 1526 3894 ναυμαχεῖν,
1549 3811 1609 3876 hoc
1633 3829 1686 3876 ve·

387 3934 457 3981 rum
481 3931 552 3978 esse
573 3911 758 3994 praefracte
781 3909 984 3995 negabimus,
1023 3913 1172 3993 quoniam
1205 3912 1291 3978 nullo
1323 3913 1508 3980 testimonio
1540 3915 1591 3981 lex
1622 3916 1687 3982 ista

387 4024 497 4104 potest
513 4016 703 4088 confirmari.
750 4014 947 4097 Quamquam
972 4015 1156 4083 Herodotus
1179 4017 1381 4100 Thucydides
1398 4018 1542 4100 quisquis
1556 4025 1686 4101 praeter

389 4143 444 4192 111
468 4120 627 4190 derebus
651 4120 761 4202 quinto
783 4127 858 4186 ante
882 4121 939 4185 Ch.
963 4140 993 4186 n.
1017 4123 1146 4189 saeculo
1169 4123 1273 4209 gestis
1296 4123 1445 4205 scripsit,
1469 4123 1509 4190 de
1532 4125 1591 4190 hac
1614 4124 1686 4207 lege

387 4228 551 4297 siluisset
586 4245 687 4308 eaque
716 4225 857 4310 migrata
887 4231 997 4292 tacere
1028 4245 1091 4294 non
1121 4234 1281 4312 poterant.
1335 4229 1379 4294 At
1401 4227 1577 4311 Spartanos
1598 4228 1687 4294 navi·

387 4333 483 4419 gandi
506 4337 610 4398 artem
632 4349 695 4395 non
718 4329 926 4411 temptavisse
949 4350 1049 4414 usque
1073 4333 1115 4400 ad
1136 4333 1213 4400 belli
1236 4339 1348 4401 contra
1363 4334 1481 4400 Persas
1497 4336 1584 4420 gesti
1605 4339 1686 4402 tem·

386 4457 466 4522 pora
490 4441 587 4517 etque
608 4434 683 4500 inde
705 4452 764 4516 per
795 4453 895 4500 annos
922 4436 1045 4518 aliquot
1066 4437 1284 4504 intermissam
1307 4445 1443 4505 exeunte
1465 4439 1594 4506 demum
1616 4457 1687 4506 sse·

388 4543 459 4610 culo
489 4540 599 4622 quinto
631 4539 812 4606 exercuisse
842 4545 952 4607 notum
983 4546 1043 4608 est.
1098 4541 1294 4623 Gompilator
1316 4542 1417 4627 igitur
1440 4543 1480 4609 de
1502 4545 1562 4610 hoc
1585 4543 1687 4610 Lace-

387 4645 626 4712 daemoniorum
649 4663 738 4711 more
760 4650 924 4728 tamquam
948 4646 988 4711 de
1011 4647 1085 4731 lege
1105 4645 1231 4712 videtur
1252 4645 1351 4712 verba
1375 4647 1558 4714 1111111-
1583 4650 1620 4714 In
1640 4649 1687 4714 al·

386 4756 460 4818 tera
483 4750 592 4815 autem
614 4749 708 4816 huius
732 4751 846 4832 capitis
868 4755 962 4832 parte
986 4751 1154 4832 exponitur
1176 4751 1340 4817 oraculum
1361 4751 1454 4816 illud:
1485 4750 1513 4816 ‘A
1536 4755 1685 4839 φιλοχρη-

391 4856 479 4943 ματία
502 4852 638 4939 Σπάρταν
662 4855 741 4955 ὀλεῖ]
776 4853 849 4922 ἄλλο
884 4853 917 4920 δὲ
942 4854 1026 4922 οὐδέν
1057 4855 1319 4940 Lysandrumque
1351 4855 1471 4924 divitiis
1501 4857 1686 4944 ingentibus
