3814 5370
871 398 910 461 41

236 565 431 657 χορεύουσαν.
487 569 582 636 Aliud
606 569 691 636 enim
727 576 778 636 est
801 567 963 636 affirmare
991 569 1114 652 puellas
1137 569 1313 637 Laconicas
1339 569 1372 635 in
1395 565 1544 639 saltando

242 682 370 743 tantum
391 677 490 742 istum
524 676 558 741 in
579 676 710 742 modum
731 676 869 742 vestitas
890 675 1009 756 fuisse,
1052 675 1139 742 aliud
1177 694 1232 742 eas
1255 695 1313 759 per
1335 681 1441 743 totum
1461 676 1548 742 diem

243 783 304 848 hac
326 782 511 848 vestimenti
531 781 659 847 ratione
682 781 731 847 uti
753 783 965 848 consuevisse.
1022 781 1136 863 ltaque
1167 786 1280 848 contra
1311 799 1382 848 sese
1405 787 1548 864 pugnant

243 887 424 970 Hesychius
447 892 544 970 atque
566 887 676 953 Aelius
699 887 871 969 Dionysius
893 888 943 952 vel
966 888 1073 970 potius
1102 889 1255 970 optimum
1288 887 1430 954 scholion
1452 887 1546 952 Euri-

242 993 388 1075 pideum,
421 1011 526 1074 neque
548 993 640 1060 litem
662 991 759 1058 aliter
782 1009 952 1072 possumus
975 992 1152 1059 diiudicare
1183 999 1281 1074 atque
1303 994 1351 1059 rei
1371 992 1547 1059 vestiariae

243 1097 441 1164 Graecorum
463 1098 570 1180 periti.
605 1097 764 1163 Iohannes
780 1097 922 1163 Boehlau
946 1096 1031 1162 enim
1054 1096 1192 1182 (quaest.
1217 1098 1256 1163 de
1278 1117 1314 1164 re
1336 1102 1416 1164 vest.
1431 1097 1545 1165 Graec.

247 1209 331 1282 1884
353 1223 384 1284 p.
400 1208 439 1268 79
453 1204 536 1287 sqq.)
560 1203 794 1268 demonstravit
815 1203 931 1281 omnia,
956 1221 1038 1285 quae
1060 1204 1279 1288 lexicographi
1301 1208 1334 1269 et
1351 1203 1545 1270 scholiastae

245 1310 285 1374 de
309 1309 469 1394 virginum
491 1309 724 1374 Laconicarum
747 1313 838 1373 veste
861 1312 1039 1389 exponunt,
1073 1308 1115 1373 ad
1138 1308 1309 1391 Didymum
1337 1309 1388 1374 vel
1410 1309 1547 1374 Alexan-

246 1415 373 1480 drinum
395 1414 554 1496 quendam
577 1414 718 1495 optimae
740 1419 836 1478 notae
858 1413 1106 1498 grammaticum
1127 1414 1251 1497 redire,
1274 1413 1468 1497 verbumque
1491 1437 1549 1500 χο-

249 1519 388 1605 ρεύουσαν
412 1518 496 1601 quod
532 1519 637 1584 estin
659 1518 820 1601 Hesychio
849 1519 993 1600 ineptum
1016 1537 1097 1584 esse.
1152 1520 1266 1601 ltaque
1288 1519 1387 1585 verba
1410 1520 1547 1586 Alexan·

249 1626 332 1691 drini
355 1625 442 1690 illius
464 1624 544 1690 haec
567 1623 634 1690 sere
658 1623 777 1690 fuisse:
807 1625 837 1686 αἱ
860 1621 917 1709 γὰρ
938 1621 1015 1686 κατὰ
1039 1623 1266 1709 Πελοπόννησον
1288 1625 1375 1710 κόραι
1390 1624 1549 1710 διημερεύ-

248 1755 328 1796 οοσιν
352 1727 483 1801 ἄζωστοι
503 1727 554 1792 καὶ
577 1729 721 1814 ἀχίτωνες
752 1728 895 1813 ἱματίδιον
926 1727 1052 1814 ἔχουσαι
1081 1730 1306 1818 πεπορπημένον
1336 1731 1385 1816 ἐφ’
1409 1731 1549 1816 ἑκατέρου

249 1841 306 1900 τῶν
331 1839 432 1920 ὠμῶν.
477 1836 583 1916 Atque
606 1835 688 1901 hanc
711 1835 839 1916 quidem
865 1835 1033 1901 Boehlauii
1055 1837 1260 1915 sententiam,
1284 1855 1366 1918 quae
1389 1838 1458 1902 sola
1470 1835 1551 1903 iacit

250 1943 292 2010 ad
322 1948 467 2008 nostram
499 1940 736 2023 quaestionem,
771 1939 990 2022 comprobavit
1020 1941 1210 2006 Franciscus
1234 1941 1429 2007 Studniczka
1452 1942 1550 2026 (⁴Bei-

250 2054 344 2134 trage
376 2065 433 2112 zur
457 2045 651 2112 Geschichte
682 2046 741 2111 der
763 2044 1036 2130 altgriechischen
1060 2046 1190 2112 Tracht’
1213 2047 1247 2111 in
1270 2053 1475 2113 commentar.
1498 2065 1549 2112 se-

252 2152 376 2216 minarii
399 2151 560 2217 archaeol.
596 2156 629 2216 et
652 2151 750 2233 epigr.
774 2150 1032 2216 vindobonensis
1061 2152 1106 2217 VI
1141 2158 1211 2233 lp.
1236 2157 1255 2216 8
1278 2171 1308 2216 n.
1333 2150 1398 2237 20).
1457 2152 1551 2218 cete-

254 2275 325 2322 rum
345 2256 639 2338 lexicographorum
662 2256 832 2337 explicatio
854 2257 941 2322 vocis
964 2255 1120 2341 δωριάζειν
1143 2255 1340 2322 inserviebat
1356 2257 1552 2323 Anacreonti

256 2359 504 2442 interpretando,
529 2362 618 2428 cuius
641 2361 740 2427 verba
763 2366 875 2428 extant
897 2362 982 2443 apud
1001 2362 1166 2444 Euripidis
1188 2362 1396 2428 scholiastam
1413 2358 1552 2425 Ἐκδῦσο

252 2472 363 2552 χιτῶνα
392 2465 549 2552 δωριάζειν
581 2467 686 2549 Bergk
718 2467 753 2531 P.
778 2467 832 2532 L}
854 2466 892 2532 fr.
918 2473 968 2533 59.
1015 2467 1178 2545 Quomodo
1209 2487 1286 2534 vero
1316 2467 1496 2553 χορεύουσαν
1518 2469 1551 2532 in

251 2571 444 2656 Hesychium
466 2573 656 2656 irrepserit,
694 2591 756 2637 non
790 2571 919 2638 duficile
951 2577 1001 2638 est
1024 2573 1122 2639 dictu.
1180 2573 1340 2640 Videlicet
1363 2574 1552 2657 quicumque

251 2675 408 2763 ὃωριάζειν
431 2677 530 2744 verbo
552 2677 739 2762 γυμνοῦσθαι
760 2678 870 2760 vertit,
893 2696 1073 2759 propensus
1096 2679 1139 2743 sit
1162 2677 1203 2744 ad
1226 2679 1442 2745 coniecturam
1463 2679 1552 2745 illam

250 2782 430 2850 faciendam
452 2803 585 2850 necesse
609 2789 668 2850 est.
723 2782 804 2848 Nam
836 2782 961 2864 puellas
982 2784 1159 2849 Laconicas
1190 2783 1274 2850 diem
1297 2784 1401 2850 nudas
1423 2784 1550 2867 degisse

249 2909 342 2955 nemo
366 2888 427 2954 sibi
449 2893 558 2970 potest
579 2888 787 2970 persuadere.
833 2889 947 2970 Itaque
969 2889 1051 2954 hanc
1075 2889 1292 2954 coniecturam
1305 2895 1470 2956 auctorem
1485 2890 1550 2956 He·

249 2994 351 3077 sychii
373 3013 444 3060 eum
467 2994 684 3076 periclitatum
707 3011 779 3059 esse
809 2994 973 3076 existimo,
1011 2994 1065 3075 qui
1097 2991 1253 3078 toptdtav
1283 2993 1369 3058 idem
1392 2994 1476 3076 quod
1498 3018 1553 3079 yo-

252 3099 401 3184 μνοῦσθαι
421 3098 603 3184 significare
624 3098 770 3181 putabat.

337 3205 471 3270 Minoris
493 3205 646 3271 momenti
670 3211 720 3270 est
740 3205 791 3288 id,
827 3203 910 3286 quod
942 3223 981 3270 ea
1013 3223 1095 3286 quae
1126 3204 1168 3269 ad
1199 3223 1309 3270 vocem
1323 3195 1474 3290 ‘'Et0;¹)
1509 3205 1550 3272 ab

251 3309 412 3392 Hesychio
439 3310 540 3374 EtM⁰
569 3311 741 3376 Eustochio
774 3311 817 3394 (p.
854 3315 952 3393 1205,
976 3311 1031 3394 47)
1060 3310 1273 3393 adnotantur,
1309 3310 1479 3377 manifesto
1510 3311 1552 3378 ad

252 3417 388 3482 eundem
411 3415 533 3482 iontem
553 3415 709 3499 redeunt,
732 3435 835 3498 neque
860 3421 910 3482 est
932 3435 988 3481 eur
1011 3414 1160 3482 subtilius
1184 3415 1224 3481 de
1246 3415 1332 3482 vocis
1355 3416 1553 3502 ἐνωμοτία

251 3521 516 3603 explicationibus
550 3540 743 3604 quaeramus
777 3520 831 3605 (ci.
867 3520 1001 3587 Stehfen
1028 3523 1048 3586 l.
1068 3541 1095 3587 c.
1118 3541 1149 3602 p.
1174 3527 1192 3587 8
1216 3521 1289 3588 adn.
1316 3522 1379 3606 11).
1440 3523 1552 3606 Neque

251 3627 333 3692 enim
357 3628 537 3710 Hesychius
559 3625 618 3694 sub
642 3627 702 3693 hac
725 3645 803 3692 voce
826 3625 943 3711 dignus
966 3631 1017 3692 est
1046 3627 1099 3708 qui
1123 3626 1275 3692 laudetur
1296 3632 1329 3692 et
1350 3627 1410 3694 has
1433 3646 1451 3694 e
1473 3629 1552 3695 lexi-

252 3732 299 3796 cis
331 3732 502 3798 rhetoricis
526 3733 713 3815 desumptas
748 3751 820 3798 esse
847 3730 993 3798 ostendit
1024 3729 1156 3797 verbum
1182 3727 1346 3816 Ῥητορική
1378 3733 1411 3797 in
1437 3733 1480 3798 Εο
1494 3735 1551 3814 ΜΟ,

251 3855 384 3920 quocum
408 3837 557 3904 Timaeus
580 3838 668 3921 facit,
692 3845 731 3918 et¹
747 3839 874 3920 glossae
896 3835 1044 3920 ἐνωμοτία
1066 3842 1100 3902 et
1122 3837 1270 3921 ἐνώμοτος
1293 3837 1484 3920 adpositum.

338 3942 386 4007 Ad
409 3941 504 4008 finem
525 3943 732 4024 perduximus
754 3945 836 4010 hanc
860 3943 1116 4025 disquisitionem
1139 3942 1179 4008 de
1202 3943 1440 4010 necessitudine
1460 3944 1553 4012 insti-

248 4052 363 4130 tutam,
387 4066 469 4129 quae
491 4047 577 4114 inter
600 4049 795 4131 Hesychium
817 4049 1034 4116 intercederet
1063 4055 1096 4115 ct
1118 4048 1204 4114 inter
1225 4048 1367 4132 reliquos
1390 4069 1552 4134 mamma·

248 4152 331 4220 ticos
354 4153 386 4217 in
408 4151 539 4218 vocibus
563 4153 605 4219 ad
626 4154 777 4221 instituta
801 4155 1033 4237 Spartanorum
1063 4152 1300 4236 pertinentibus
1332 4155 1551 4237 explanandis.

250 4258 347 4324 Cuius
370 4275 493 4324 summa
514 4257 604 4323 hisce
629 4265 680 4324 est
702 4259 1023 4342 comprehendenda:
1046 4259 1233 4325 Glossarum
1248 4259 1481 4327 Laconicarum
1503 4262 1551 4327 in-

248 4381 329 4449 gens
351 4380 503 4428 numerus
537 4368 627 4430 extat
647 4364 680 4428 in
703 4364 881 4448 Hesychio,
915 4364 1017 4430 multo
1039 4365 1209 4445 pauciores
1230 4363 1263 4430 in
1286 4365 1422 4432 aliorum
1444 4385 1552 4452 gram-

248 4469 439 4535 maticorum
461 4467 582 4536 lexicis.
628 4467 692 4536 Sed
716 4488 795 4552 quas
817 4469 997 4552 Hesychius
1019 4489 1083 4536 una
1105 4488 1176 4536 cum
1200 4469 1345 4538 omnibus
1369 4471 1487 4540 ceteris
1501 4473 1552 4542 vel

318 4711 345 4780 1)
364 4711 423 4780 Quo
452 4711 512 4766 iure
534 4711 685 4768 Mauricius
706 4712 828 4770 Schmidt
861 4713 896 4768 ad
917 4713 996 4782 corp.
1015 4712 1069 4768 Ins.
1089 4712 1136 4767 Gr.
1156 4712 1169 4766 1
1197 4714 1265 4766 1444
1293 4713 1409 4770 lectores
1437 4715 1548 4785 releget,

247 4816 298 4867 ego
317 4800 440 4868 equidem
458 4817 512 4857 non
532 4817 671 4871 assequor.
716 4802 787 4860 Nam
806 4803 936 4874 Hesychii
950 4801 1029 4862 “ura
1047 4803 1080 4858 dc
1099 4803 1166 4857 urbe
1185 4803 1342 4871 notissima,
1362 4820 1416 4859 nou
1435 4804 1469 4860 de
1487 4805 1550 4864 vico

246 4890 295 4944 illo
314 4889 470 4946 suburbano
487 4907 548 4948 esse
566 4893 792 4964 intellegendum,
812 4893 836 4948 si
855 4893 920 4964 quid
939 4894 1022 4963 aliud,
1041 4900 1146 4949 certum
1164 4892 1229 4948 mihi
1249 4894 1363 4952 videtur.
