3814 5370
841 409 876 469 31

197 577 296 657 Quae
320 597 392 646 eum
413 575 461 645 ita
483 577 557 659 sint,
580 577 802 663 nosHesychii
826 579 1038 647 eruditionem
1050 580 1243 647 Laconicam
1260 585 1503 664 perscrutantes

195 703 360 769 magnum
383 684 534 771 gandium
565 685 639 750 inde
670 685 900 768 percipiemus,
935 686 1019 768 quod
1053 703 1094 752 ne
1124 686 1206 751 hanc
1237 688 1365 769 quidem
1393 706 1502 754 vocem

196 788 240 856 ab
265 790 344 856 aliis
365 790 603 876 lexicographis
627 791 779 858 omissam
811 791 961 874 neglexit.
1018 789 1127 857 Habet
1162 792 1246 858 enim
1274 811 1300 859 s.
1323 813 1351 858 v.
1383 793 1503 879 ptho-

195 917 287 967 κες·
315 897 341 959 οἱ
365 895 428 980 ἅμα
448 897 624 981 τρεφόμενοι
646 897 705 969 τοῖς
729 897 801 969 οίοῖς
824 899 926 960 δοῦλοι
946 897 1060 968 παῖδες.
1085 933 1123 944 -

292 1003 377 1068 Dein
399 1001 553 1069 habemus
575 1003 607 1068 in
631 1003 790 1086 Hesychio
825 1003 910 1069 etin
934 1003 1033 1068 E⁰M⁰
1057 1002 1299 1084 explicationem
1322 1003 1408 1070 vocis
1431 1027 1503 1067 σκο-

201 1106 294 1194 τάλη.
342 1108 456 1175 Paullo
480 1109 653 1191 ampliores
675 1110 708 1175 in
732 1108 942 1176 describendo
965 1127 1024 1175 nos
1047 1127 1119 1175 esse
1141 1115 1287 1191 oportet:

399 1233 462 1298 EM
485 1233 569 1317 (cod.
593 1233 645 1319 V).
1149 1234 1224 1300 Hes

244 1336 442 1423 σκυτάλη.
488 1339 589 1422 πίναξ,
625 1341 734 1414 δέλτος.
770 1339 840 1413 ἔθος
915 1337 1092 1426 σκυτάλη
1115 1339 1344 1423 Λακωνική·
1375 1335 1501 1403 ἐπὶτῶν

207 1446 238 1511 δὲ
252 1444 508 1529 Λακεδαιμονίοις
529 1446 665 1532 χρῆσθαι
684 1444 840 1518 σκυτάλαις
872 1443 1098 1532 ἀγγελιαφόροι
1121 1447 1268 1510 τάσσεται.
1306 1443 1376 1517 ἔθος
1391 1442 1448 1531 γάρ
1465 1445 1501 1530 ἦν

210 1551 269 1618 ἀντὶ
280 1557 339 1616 τῶν
353 1550 571 1638 γραμματείων.
604 1549 744 1616 τάσσεται
759 1548 840 1638 παρά
872 1553 996 1638 ἀρχαῖον
1018 1550 1050 1615 τὸ
1073 1554 1247 1640 χρήσασθαι
1260 1551 1323 1622 ταῖς
1346 1548 1502 1622 σκυτάλαις

208 1663 266 1734 τοῖς
290 1660 390 1731 αὐτοῖς
413 1658 664 1742 Λακεδαιμονίοις
686 1655 736 1723 καί
758 1655 839 1744 παρά
873 1669 897 1714 <
911 1653 973 1720 ἀντὶ
995 1657 1037 1723 Is.
1061 1658 1153 1725 Voss.
1177 1665 1210 1724 et
1239 1657 1420 1723 Pierson.>
1443 1660 1500 1720 τῶν

207 1765 343 1838 Ἀττικοῖς
377 1763 424 1830 ἐπὶ
457 1772 510 1850 τῆς
542 1763 711 1851 βακτηρίας.
779 1760 839 1828 Καί
871 1763 940 1848 παρ’
964 1753 1097 1847 Ἕλλησι
1129 1761 1338 1849 γραμματείων
1372 1758 1421 1824 καὶ
1456 1762 1503 1847 βι-

213 1868 609 1955 σκοταλωτοίτρόχοι
632 1868 838 1956 οἱραβδωτοί.
872 1872 972 1958 βλίων.
1010 1908 1053 1919 -
1088 1869 1298 1935 σκοτάλαι·
1337 1868 1501 1956 βακτηρίαι,

216 1975 399 2061 σκυτάλη
424 1977 450 2040 δ’
469 1973 545 2039 ἐστίν
568 1971 617 2039 καλ
641 1971 718 2045 εἶδος
742 1973 840 2060 ὅψεως
871 1976 920 2042 καί
958 1978 987 2041 αἱ
1024 1975 1138 2043 ἱππικαὶ
1176 1973 1253 2040 εἶλαι
1290 1972 1365 2060 (ἶλαι
1394 1975 1502 2059 Mus),

216 2083 290 2146 οὕτω
310 2081 490 2166 καλούμενον
518 2078 567 2144 καί
592 2079 839 2151 σκυταλίδες
870 2081 920 2148 καὶ
943 2084 1042 2169 ὄφεων
1066 2080 1152 2153 εἶδος.
1198 2077 1363 2166 φραγέλλια
1397 2081 1501 2166 (play.

219 2193 336 2270 καμπῶν
358 2185 435 2259 εἶδος
457 2188 476 2249 δ
496 2188 558 2251 ἐστι
583 2187 657 2274 ζῷόν
677 2211 722 2269 τι,
759 2184 839 2272 παρά
872 2190 968 2274 Mus.)
991 2191 1084 2274 λῶροι
1105 2186 1234 2263 πίνακες,
1257 2186 1305 2270 ἐφ’
1321 2183 1363 2256 οἷς
1386 2187 1405 2269 ἡ
1425 2184 1501 2270 Δίκη

224 2288 427 2378 Ἀλεξανδρεῦσι
451 2291 484 2357 δὲ
507 2289 557 2356 καί
592 2289 670 2365 εἶδος
698 2292 838 2379 καρίδων,
871 2292 980 2379 γράφει
1012 2290 1049 2358 τά
1080 2296 1138 2356 τῶν
1173 2290 1340 2375 ἀνθρώπων
1364 2288 1501 2374 ἁμαρτή-

224 2393 268 2460 καί
291 2400 386 2471 σκεῦός
408 2422 436 2462 τι
458 2399 487 2462 ἐν
510 2403 546 2484 τῇ
567 2395 626 2483 νηΐ.
680 2395 730 2462 καί
754 2423 840 2462 σκυ-
873 2426 960 2488 ματα.
999 2399 1172 2486 ἢθάλακες
1195 2396 1372 2483 δερμάτινον.

215 2504 445 2590 ταλουμένη,
471 2503 548 2590 Εύλιρ
569 2503 746 2590 τυπτομένη.
915 2507 1168 2578 σκυταλίδες·
1191 2500 1269 2575 εἶδος
1290 2503 1430 2589 καρίδων.

915 2610 1234 2697 σκοταλοομένη·
1280 2607 1356 2696 ξύλῳ
1395 2631 1501 2672 τυπτο-

871 2715 954 2802 μάνη.

295 2840 491 2922 Quamquam
524 2858 633 2905 eorum
664 2858 746 2921 quae
769 2838 898 2907 exhibui
929 2839 1097 2906 verborum
1128 2841 1244 2926 exigua
1274 2845 1400 2906 tantum
1426 2859 1503 2923 pars

203 2946 247 3012 ad
269 2965 322 3011 res
345 2946 521 3011 Laconicas
543 2949 679 3028 spectat,
702 2949 811 3010 tamen
832 2950 882 3010 tot
904 2944 1035 3011 fuerunt
1058 2945 1264 3025 ascribenda,
1289 2964 1351 3027 quo
1373 2944 1501 3012 facilius

200 3051 460 3134 perspiceretur,
490 3070 585 3133 qoam
608 3056 697 3117 certa
720 3050 863 3116 eiusdem
887 3051 1018 3132 originis
1039 3051 1159 3117 indicia
1182 3053 1261 3117 haec
1285 3050 1438 3134 Hesychii
1466 3056 1500 3116 et

200 3153 241 3222 Ei
254 3153 296 3221 Mi
321 3157 467 3223 doctrina
488 3175 566 3238 prae
595 3175 630 3222 se
654 3154 763 3221 ferret.
824 3154 935 3238 Neque
965 3161 1074 3222 tamen
1095 3157 1208 3222 boram
1231 3162 1365 3238 uterque
1389 3156 1502 3222 eodem

204 3261 289 3329 libro
311 3281 388 3328 usus
411 3281 482 3329 esse
505 3261 693 3344 cogitandus
717 3267 908 3345 astrorum
931 3261 1136 3329 manifestum
1159 3268 1227 3346 cst,
1255 3267 1452 3345 quantopere
1472 3261 1500 3326 is

202 3374 331 3448 auctor,
366 3387 386 3433 a
419 3386 481 3451 quo
502 3367 566 3432 hlum
584 3367 654 3431 Mum
676 3386 767 3433 suam
799 3367 839 3433 de
862 3365 991 3453 σκυτάλη
1015 3387 1092 3435 νοτε
1116 3368 1294 3434 doctrinam
1315 3370 1497 3434 mutuatum

204 3478 266 3558 est,
289 3474 480 3555 pependerit
502 3471 542 3540 ab
559 3472 710 3555 Hesychii
732 3472 830 3538 fonte.
875 3473 944 3540 Iam
967 3493 1038 3540 cum
1059 3475 1092 3539 in
1115 3475 1162 3540 eis
1183 3474 1273 3558 ipsis,
1297 3493 1378 3556 quae
1400 3473 1501 3557 perti·
1605 3477 1611 3490 “

203 3583 285 3644 nent
307 3579 348 3644 ad
371 3579 602 3661 Spartanorum
624 3577 827 3661 institutum,
863 3578 1042 3662 Hesychius
1073 3578 1201 3645 uberior
1223 3581 1267 3645 sit
1288 3580 1329 3644 E⁰
1343 3579 1408 3662 ΜΟ,
1441 3579 1501 3644 hoc

205 3684 305 3750 etiam
328 3685 360 3749 in
382 3684 442 3750 hac
465 3685 575 3769 glossa
598 3682 737 3749 libenter
759 3684 932 3750 mittemus.
978 3687 1023 3750 Ae
1046 3703 1086 3750 ne
1110 3704 1149 3751 ea
1172 3684 1310 3767 quidem,
1335 3703 1416 3767 quae
1435 3682 1500 3748 He·

204 3788 334 3871 sychius
355 3785 464 3872 habet,
487 3807 681 3874 magnopere
704 3787 895 3855 curabimus.
957 3789 1085 3872 Scripta
1107 3791 1190 3855 enim
1214 3789 1352 3855 suntad
1375 3788 1499 3854 Aristo-

202 3894 341 3976 phanem
364 3895 593 3977 explicandum.
652 3895 780 3960 Etenim
803 3913 993 3978 quamquam
1016 3896 1111 3961 hodie
1133 3895 1166 3960 in
1190 3895 1319 3961 scholiis
1344 3894 1385 3960 ad
1407 3894 1497 3977 Lysi-

204 4005 331 4066 stratae
353 4021 381 4066 v.
407 4002 502 4079 990ss
529 3999 667 4083 adpictis
689 4000 785 4085 longe
809 4001 872 4066 alia
896 4002 1046 4084 leguntur
1069 4007 1165 4083 atque
1196 4001 1228 4064 in
1252 3999 1412 4081 Hesychio
1445 4017 1498 4064 ex-

204 4109 286 4187 tant,
309 4111 417 4172 tamen
440 4126 501 4172 non
524 4111 575 4172 est
598 4105 817 4186 dubitandum,
842 4107 917 4188 quin
941 4107 1086 4172 adhunc
1110 4107 1213 4172 locum
1236 4109 1361 4186 spectet
1380 4103 1498 4186 glossa,

206 4211 353 4295 quonium
384 4217 486 4279 totum
509 4211 626 4278 lemma
654 4209 782 4296 σκυτάλη
807 4210 972 4296 Λακωνική
1006 4212 1040 4277 in
1069 4212 1191 4278 lexicon
1222 4208 1405 4275 traductum
1439 4212 1497 4274 est.

204 4317 380 4384 Praeterea
403 4335 475 4382 cum
496 4317 589 4398 longe
611 4317 726 4383 melius
749 4318 789 4383 de
811 4318 971 4384 Laconica
1002 4319 1209 4400 epistolarum
1240 4314 1416 4380 dandarum
1447 4333 1498 4379 ra-

204 4421 292 4491 tione
314 4424 487 4490 doceamur
508 4427 541 4487 et
563 4441 583 4487 a
604 4423 778 4488 scholiasta
801 4423 932 4489 Pindari
955 4423 1009 4506 (ol.
1034 4423 1079 4489 b'I
1104 4423 1178 4505 154)
1209 4426 1242 4487 et
1276 4440 1294 4486 a
1324 4419 1499 4485 scholiasta

205 4528 399 4612 Thucydidis
422 4526 451 4611 (I
476 4527 551 4610 131)
575 4531 608 4592 et
630 4546 651 4593 a
672 4527 845 4594 scholiasta
868 4527 1092 4611 Aristophanis
1116 4528 1178 4611 (av.
1210 4525 1304 4609 1283)
1329 4529 1362 4592 at
1384 4523 1497 4590 aPho-

206 4727 322 4781 collecta
340 4743 395 4782 non
412 4725 552 4796 feruntur,
571 4725 725 4797 Phylarcho
744 4733 815 4782 teste
834 4733 958 4796 constat,
986 4734 1015 4783 at
1033 4727 1180 4799 Phylarchi
1199 4727 1305 4783 demum
1322 4726 1498 4796 temporibus.

205 4814 275 4870 Nam
294 4817 416 4884 ineptum
435 4824 476 4872 est
495 4815 606 4873 credere
625 4816 829 4871 callicratidam
849 4817 994 4886 Gylippum
1012 4817 1184 4888 Lysandrum
1204 4818 1289 4874 servis
1308 4817 1434 4887 patribus
1452 4831 1499 4876 nu·

207 4913 250 4966 tos
270 4921 336 4961 esse.
