3814 5370
984 382 1025 444 42

355 554 461 637 aliquo
485 573 524 621 ex
546 554 593 620 eis
615 551 727 635 tradit,
752 569 863 622 earum
886 549 1030 618 condicio
1052 551 1142 618 uaria
1161 555 1220 618 cst.
1266 550 1369 630 Quam
1383 551 1520 638 singulis
1535 552 1654 638 glossis

355 677 434 741 quas
457 659 561 726 adhuc
588 658 727 724 tractavi
758 656 933 741 diligenter
964 656 1156 723 examinatis
1189 657 1236 724 ita
1271 658 1453 726 accuratius
1486 676 1656 740 possumus

356 763 629 843 circumscribere,
653 768 688 830 ut
711 767 891 830 statuamus
913 762 996 828 hanc
1019 763 1141 848 legem:
1164 761 1277 845 Neque
1295 755 1333 828 Ei.
1343 761 1386 828 Mi
1399 763 1422 847 ¹)
1445 781 1548 846 neque
1577 763 1657 831 alio·

354 889 426 936 rum
446 870 618 936 leuticorum
639 869 672 935 in
697 870 754 947 eis,
778 866 892 950 quibus
911 885 966 934 res
980 887 1089 932 socae
1103 867 1345 950 Spartanorum¹
1357 873 1550 950 tractantur,
1573 887 1653 953 prae

354 976 516 1060 Hesychia
539 976 623 1042 ullus
646 982 697 1041 est
719 992 806 1056 usus,
827 993 890 1040 uno
914 980 1046 1055 erccpto
1071 974 1172 1040 lexico
1195 975 1393 1061 Segueriano
1416 975 1536 1058 quinto,
1571 977 1658 1060 quod

353 1082 386 1147 in
410 1082 520 1164 paucis
543 1081 590 1147 eis
614 1081 741 1166 glossis,
766 1098 845 1161 quas
868 1077 1007 1159 exhibet,
1031 1079 1225 1161 Hesychium
1249 1080 1349 1146 ctiam
1370 1086 1512 1162 superat.
1566 1081 1656 1161 Quae

354 1205 430 1253 vcro
452 1186 604 1253 instituta
625 1185 754 1269 publica
778 1184 936 1268 attinent,
970 1184 1003 1249 in
1027 1183 1084 1267 eis,
1118 1185 1147 1251 si
1169 1185 1454 1270 grammaticorum
1476 1185 1657 1254 doctrinam

356 1293 523 1374 explorare
546 1292 709 1374 volumus,
745 1295 914 1372 praestant
936 1289 1097 1373 Hesychia
1128 1290 1253 1373 reliqua
1282 1289 1423 1377 lcxica²)
1445 1296 1572 1358 tantum
1594 1311 1659 1358 non

356 1397 462 1466 omnia
484 1399 534 1465 rel
556 1398 761 1464 scholiastae.

834 1585 885 1654 Ilo
908 1585 1037 1670 glossls
1059 1588 1183 1656 sacris.

443 1717 578 1784 Constat
600 1714 699 1798 igitur
721 1714 820 1779 certis
844 1717 877 1779 et
898 1717 951 1779 sot
972 1713 1083 1780 multis
1106 1714 1259 1796 exemplis
1295 1716 1551 1783 demonstratum
1573 1718 1661 1802 glos-

357 1840 465 1889 sarum
488 1820 605 1886 adres
628 1819 803 1886 Laconicas
827 1817 1073 1902 pertinentium,
1108 1837 1191 1901 quae
1220 1819 1253 1884 in
1275 1821 1436 1906 Hesychio
1460 1827 1572 1888 entant
1595 1822 1660 1890 irc·

360 1928 606 2010 quentissimae,
640 1926 667 1993 si
690 1925 857 1991 universas
880 1924 1008 2006 quidem
1031 1930 1231 2007 spectamus,
1259 1946 1354 2009 quam
1377 1928 1513 1994 mamma
1536 1929 1658 1996 vanam

362 2033 521 2099 rationem
544 2050 616 2098 esse
638 2029 828 2097 habendam.
887 2031 1002 2113 Itaque
1035 2048 1117 2096 nunc
1148 2031 1314 2098 videamus
1348 2052 1422 2100 num
1450 2032 1520 2100 fieri
1542 2035 1655 2120 possit,

433 2271 460 2341 1)
477 2270 565 2325 Tacui
589 2268 623 2324 de
653 2268 758 2323 duabus
790 2269 889 2336 glossis
918 2268 1055 2338 Hesychio
1075 2284 1134 2322 cum
1154 2267 1243 2323 ΕλΜν
1262 2269 1464 2337 communibus,
1493 2268 1553 2324 dico
1585 2270 1655 2341 βισόν

358 2360 507 2431 Hesychii,
537 2361 623 2432 βέστον
641 2357 722 2413 ΕὶΜἱ
740 2366 767 2414 et
787 2358 850 2429 βαῦὰ
869 2358 943 2426 Hes,
972 2358 1050 2429 βουόα
1068 2357 1155 2412 ΕῖΜί.
1208 2361 1297 2426 Atque
1316 2359 1344 2412 in
1362 2360 1456 2427 priore
1474 2357 1555 2413 Elldi
1575 2359 1654 2414 rerba

358 2466 412 2506 oon
432 2450 491 2505 sine
510 2448 602 2505 fructu
620 2449 655 2504 ab
673 2449 810 2504 Ahrcnsio
830 2447 955 2502 adhibita
979 2457 1057 2518 sunt,
1086 2456 1116 2503 ut
1140 2448 1260 2517 glossam
1277 2448 1409 2520 Hesychii
1428 2449 1527 2504 misere
1544 2463 1646 2515 corrup·

359 2547 417 2594 tam
435 2547 547 2594 sanaret
565 2540 632 2610 (lc.
652 2554 678 2607 p.
697 2540 732 2592 46
751 2537 812 2592 adn.
840 2539 892 2608 12).
938 2538 1087 2594 Praeterea
1105 2538 1224 2593 indidem
1242 2546 1345 2593 certum
1363 2539 1544 2595 testimouium
1559 2536 1643 2591 nanci-

362 2630 462 2684 scimur
481 2629 549 2683 hacc
567 2644 601 2682 cx
619 2627 789 2696 Diogeniauo
809 2627 844 2681 ab
863 2635 979 2696 utroque
998 2643 1057 2683 esse
1075 2628 1228 2697 adsumpta.
1268 2627 1321 2683 Sed
1340 2636 1383 2683 est
1400 2629 1492 2696 glossa
1511 2642 1578 2682 mere
1594 2625 1646 2680 dia·

360 2721 467 2775 lectica.
516 2719 614 2774 Altera
633 2734 696 2772 vcro
716 2719 744 2771 in
761 2716 853 2772 anm
871 2728 927 2773 tam
946 2726 987 2774 est
1013 2720 1151 2788 lacerata,
1172 2726 1201 2774 ut
1229 2719 1263 2773 de
1291 2718 1479 2773 emendatione
1510 2733 1595 2787 paene
1617 2717 1653 2771 sit

360 2808 568 2878 desperandum.
613 2808 716 2863 Verum
742 2808 807 2863 licet
826 2809 983 2863 coniectura
1001 2809 1201 2864 Hemsterhusii
1227 2809 1347 2878 glossam
1366 2808 1405 2863 sic
1424 2808 1594 2864 restituentis
1612 2804 1658 2874 (sd

359 2899 426 2954 Hes.
445 2900 472 2954 ll
494 2915 521 2968 p.
542 2902 611 2954 1294
640 2905 697 2953 not.
718 2898 778 2967 19):
808 2897 887 2970 βαὺὁα
915 2899 990 2972 ἀγέλη
1020 2898 1147 2972 ’τετάχαλλ
1178 2900 1204 2952 αἱ
1230 2898 1317 2970 §criden
1345 2900 1399 2952 ἀντὶ
1417 2903 1463 2952 τοῦ
1482 2898 1586 2970 puteum
1603 2896 1658 2952 ατλ.

360 2990 396 3045 sit
415 3005 488 3058 vera,
507 3006 541 3044 ne
560 3007 593 3045 ex
613 2990 664 3044 hac
682 2988 790 3057 quidem
809 2988 914 3058 aliquid
932 2997 1044 3059 practer
1063 3006 1120 3044 rem
1138 2990 1311 3045 dialecticam
1330 2987 1468 3046 discimus.

432 3083 460 3150 2)
479 3080 608 3135 Photium
626 3086 653 3134 et
673 3079 783 3134 Suidam
802 3079 921 3134 nondum
940 3080 1021 3148 plane
1040 3079 1215 3135 absolvimus.
1264 3078 1318 3134 Sed
1348 3079 1372 3134 ai
1403 3094 1473 3150 quae
1501 3085 1608 3146 restant
1627 3077 1661 3134 de

361 3172 401 3226 eis
420 3169 542 3238 dicenda,
561 3169 645 3238 digna
664 3177 736 3236 sunt,
756 3185 824 3238 qnae
844 3170 872 3223 in
892 3169 1069 3225 adnotatione
1088 3170 1207 3225 exulem.
1255 3169 1366 3224 Habent
1384 3169 1492 3239 quidem
1510 3169 1658 3224 nonnullas

362 3277 423 3315 cum
442 3261 579 3332 Hesychio
598 3261 705 3328 glossas
724 3259 875 3315 Laconicas
894 3275 1057 3328 communes,
1076 3275 1144 3328 quas
1163 3259 1236 3329 apud
1254 3261 1323 3315 alios
1343 3260 1535 3329 grammaticos
1554 3259 1662 3314 frustra

360 3351 525 3419 quaerimus.
569 3349 620 3406 Sed
645 3357 746 3418 quanto
774 3348 889 3405 inferior
917 3350 953 3404 sit
980 3349 1096 3404 Photius
1114 3350 1251 3421 Hesychio
1280 3350 1369 3405 disces
1393 3366 1415 3419 c¹
1434 3351 1533 3420 glossis
1559 3350 1659 3424 ἱππάκη

358 3435 509 3514 Κυνόσουρα
542 3438 683 3513 Πιτανάτης
710 3437 815 3512 (Πιτάνη
844 3440 866 3494 l.
885 3438 958 3507 apud
975 3439 1113 3507 Photium)
1132 3437 1254 3494 Σελλασία
1283 3438 1400 3513 Escaque,
1432 3447 1514 3509 atque
1544 3439 1613 3495 adeo
1645 3455 1661 3496 e

360 3531 460 3600 glossis
482 3529 517 3585 ad
535 3530 729 3599 Aristophanis
748 3529 854 3603 ἡλικιῶν
874 3529 1008 3600 ὀνομασίας
1026 3530 1186 3586 revocandis
1209 3532 1334 3603 ιιυρσάνιοι
1353 3537 1380 3585 et
1399 3529 1551 3604 ααιιρθαλιάς
1569 3527 1657 3600 (apud

358 3620 486 3676 Photium
505 3622 624 3694 κυρσάνια
661 3619 822 3694 σκυρθάνια),
855 3636 1018 3690 quamquam
1042 3637 1063 3677 s.
1080 3638 1104 3677 v.
1125 3623 1190 3675 κατὰ
1207 3622 1347 3695 πρώτειρας
1364 3621 1480 3676 Photius
1500 3619 1661 3688 diligentior

358 3710 411 3766 fuit
430 3727 510 3780 quam
529 3711 681 3782 Hesychius
706 3712 734 3765 in
763 3711 952 3767 describendo.
1000 3711 1027 3766 S.
1042 3728 1065 3766 ν.
1085 3710 1216 3784 ξενηλασία
1242 3711 1394 3781 Hesychius
1419 3708 1605 3781 Thucydidem
1632 3709 1660 3780 (1

359 3805 418 3870 144,
437 3801 465 3856 II
484 3801 545 3870 39),
578 3801 692 3857 Phocion
712 3818 733 3856 s.
752 3819 776 3856 ν.
795 3800 934 3874 Εενηλατεῖν
954 3809 981 3857 et
993 3802 1146 3872 Hesychius
1166 3817 1187 3856 a.
1199 3819 1222 3856 r.
1242 3799 1433 3873 ξενηλατοῦνται
1443 3801 1659 3870 Aristophanem

357 3891 409 3961 (av.
431 3891 512 3962 1013)
531 3892 689 3960 respiciunt.
738 3887 893 3963 Λυσάνδρεια
922 3907 986 3946 vero
1006 3891 1158 3946 Samiorum
1176 3891 1255 3946 ludos
1273 3889 1358 3946 tuisse
1377 3906 1411 3946 ex
1429 3889 1577 3945 Plutarcho
1597 3888 1659 3959 (vit.

354 3981 418 4052 Lys.
442 3984 486 4052 18)
511 3981 642 4036 libentius
669 3980 705 4035 ad
726 3981 854 4051 Hesychii
880 3981 1000 4050 glossam
1025 3989 1099 4036 recte
1125 3981 1360 4050 interpretandam
1388 3981 1506 4050 petimus
1538 3994 1657 4048 quama

355 4071 463 4128 Photio.
512 4071 607 4139 Neque
630 4086 701 4142 quac
719 4070 803 4125 habet
821 4087 846 4126 s.
857 4088 881 4125 r.
900 4067 1045 4144 Καρυάτεια
1069 4087 1138 4139 opus
1157 4080 1221 4126 suut
1246 4069 1282 4125 ad
1300 4070 1430 4141 Hesychii
1448 4070 1532 4125 rerba
1549 4068 1658 4124 intelle-

356 4161 453 4232 genda.
471 4193 507 4202 —
538 4161 580 4217 Dc
599 4161 683 4216 Suida
701 4169 792 4216 autem
811 4162 987 4230 adamarit,
1019 4161 1043 4216 si
1061 4161 1167 4231 glossas
1187 4161 1276 4224 σάνδιιε
1302 4163 1426 4235 ἐφίππιον,
1454 4176 1523 4229 quas
1541 4160 1660 4217 Photius

355 4259 383 4307 et
401 4253 461 4321 ipae
479 4252 571 4319 hahet,
590 4253 679 4324 βατεῖν
698 4251 775 4321 (Hes.
794 4251 910 4322 βοωτεῖν)
930 4268 990 4306 cam
1008 4251 1145 4323 Hesychio
1173 4253 1378 4309 contulerimus.
1429 4253 1502 4309 Num
1529 4267 1593 4308 vero
1621 4266 1659 4308 ex

355 4342 446 4400 verbis
464 4345 508 4397 ιιαλ
526 4345 557 4396 τὰ
576 4343 682 4417 διαφανῆ
702 4339 859 4405 Λακωνικὰ,
891 4358 960 4412 quae
980 4341 1078 4398 Suidas
1098 4359 1153 4398 su.
1172 4343 1279 4417 διαφανῆ
1299 4344 1405 4418 χιτώνια
1423 4345 1528 4400 scholio
1547 4343 1576 4398 in
1590 4341 1657 4397 Ari-

357 4434 501 4504 stophanis
520 4433 583 4505 Lys.
602 4451 626 4491 ν.
646 4435 680 4488 45
700 4433 804 4502 scripto
824 4431 908 4501 addit,
937 4433 1067 4505 Hesychii
1085 4434 1180 4503 glossa
1198 4450 1313 4503 prorsus
1332 4435 1463 4490 obscura:
1492 4434 1659 4506 δαμοφανὴς·

357 4523 387 4578 τὸ
406 4524 504 4595 ἱμάτιον
522 4521 644 4583 Λάκωνες
662 4522 825 4592 corrigenda
843 4524 894 4592 sit,
924 4525 953 4579 in
980 4524 1068 4580 medio
1097 4524 1251 4592 relinquere
1280 4524 1367 4580 satius
1386 4525 1452 4580 mihi
1470 4524 1577 4579 videtur
1595 4537 1660 4578 esse

357 4629 437 4683 quam
456 4613 486 4667 in
504 4613 620 4668 alteram
639 4621 730 4668 utram
748 4621 855 4682 partem
873 4613 989 4670 edicere.
1007 4644 1043 4655 -
1071 4613 1133 4669 Una
1151 4614 1243 4682 glossa
1261 4614 1363 4684 Photii,
1382 4630 1452 4684 quae
1470 4614 1533 4670 indo
1551 4615 1580 4668 in
1597 4614 1670 4671 Sui·'

358 4701 409 4758 dae
427 4701 561 4758 famosam
579 4703 733 4759 doctrinam
752 4702 866 4772 delapsa
884 4712 939 4772 est,
971 4720 1004 4759 ex
1028 4703 1168 4760 Alcmanis
1197 4704 1425 4774 interpretatione
1451 4711 1513 4760 orta
1537 4703 1660 4763 tortasse

355 4791 477 4848 melioris
496 4799 578 4847 notae
597 4798 648 4861 est,
667 4791 727 4848 dico
746 4793 866 4861 glossam
884 4793 977 4868 ψιλιὺς.
1024 4793 1078 4850 Sed
1107 4801 1211 4863 pugnat
1236 4800 1333 4850 conus
1350 4793 1516 4864 Hesychium
1534 4809 1556 4848 a.
1569 4811 1594 4849 ν.
1613 4795 1656 4868 ψι-

354 4881 414 4944 lata.
449 4881 546 4952 ltaque
564 4897 609 4938 res
627 4880 711 4937 dubis
730 4889 781 4938 est.
