3814 5370
978 397 1020 458 44

355 566 459 636 forma
483 569 514 634 in
539 567 820 654 grammaticorum
843 566 984 634 melioris
1008 567 1127 634 aetatis
1149 565 1242 634 libris
1264 566 1401 648 fuerint,
1435 586 1476 635 an
1499 567 1578 636 vitia
1599 567 1658 637 illa

357 675 499 758 tempori
522 679 577 741 aut
598 674 812 757 posteriorum
835 672 1061 758 neglegentiae
1084 673 1148 740 sint
1170 673 1368 756 imputanda.

441 780 596 846 Notemus
618 780 719 862 igitur
735 797 831 844 voces
848 778 970 862 ἀγητής,
995 775 1168 863 Ἀγλαόπης,
1194 777 1348 864 ἁλιοβόλη,
1374 778 1533 863 tertianae,
1559 781 1657 867 βήρη-

356 909 421 966 aaz,
448 883 665 972 βρυλλιχισταί,
691 882 848 970 βυλλίχης,
872 881 1012 966 Βωρθία,
1038 885 1183 969 γαιήοχος
1206 884 1398 962 δεικελισταί,
1419 880 1601 967 Ἐλευσίνια,
1625 886 1655 951 ἐν

357 994 492 1078 δριῶνας,
528 991 764 1074 ἐπικρήνακα),
786 985 973 1073 Ἑσπερίδων
998 990 1095 1072 μῆλα,
1120 986 1265 1074 Θοράτης,
1288 989 1479 1076 saltatorium,
1502 989 1655 1074 Συκεατίς,

356 1099 528 1183 τριήμερος,
552 1096 586 1161 in
609 1094 724 1178 quibus
746 1094 844 1160 variis
866 1093 970 1158 modis
993 1099 1161 1176 peccatum
1185 1099 1235 1160 est
1248 1098 1361 1161 contra
1374 1094 1556 1163 dialectum.
1594 1097 1657 1164 Est

358 1204 495 1270 enimin
517 1202 679 1284 plerisque
703 1219 814 1266 aarum
841 1224 861 1284 η
892 1199 1065 1283 scriptum,
1103 1199 1159 1266 ubi
1180 1222 1200 1263 u
1222 1201 1367 1266 Lacones
1400 1203 1658 1282 pronuntiavisse

358 1309 490 1391 putandi
514 1313 598 1390 sunt,
621 1306 709 1372 velut
732 1306 853 1388 ἀγὴτας,
879 1303 1006 1391 βάρακες
1015 1305 1049 1388 ¹),
1075 1305 1225 1390 βυλλίχας,
1251 1307 1325 1372 ulia.
1369 1307 1407 1372 In
1429 1307 1570 1374 hisvero
1592 1327 1658 1374 non

359 1415 494 1481 multum
517 1412 723 1479 offendemus.
779 1410 861 1476 Nam
884 1416 919 1477 ut
942 1411 1143 1493 ignoramus,
1178 1431 1197 1478 a
1228 1417 1305 1493 quot
1333 1413 1553 1497 grammaticis
1584 1415 1658 1496 plus

361 1521 504 1586 minusve
521 1517 656 1584 eruditis
672 1518 800 1601 glossae
818 1515 894 1582 illae
914 1515 979 1581 sint
995 1516 1153 1598 depictae,
1177 1522 1349 1598 antequam
1360 1517 1539 1600 Hesychius
1553 1519 1657 1586 lexico

363 1644 420 1692 suo
442 1625 612 1702 intexeret,
635 1622 682 1686 ita
705 1620 856 1686 facillime
879 1618 949 1686 lieri
971 1621 1086 1703 potuit,
1110 1626 1146 1686 ut
1167 1620 1288 1687 formas
1312 1621 1354 1687 ad
1375 1623 1518 1707 vulgaris
1536 1641 1658 1691 sermo·

359 1731 408 1796 nis
431 1728 669 1796 similitudinem
693 1726 797 1810 magis
819 1725 988 1810 magisque
1005 1726 1333 1792 accommodarentur.
1347 1765 1388 1774 -
1412 1727 1562 1814 Γαιήοχος
1580 1747 1658 1796 vero

356 1855 419 1901 non
442 1832 648 1920 gravabimur
670 1831 819 1910 retinere,
854 1849 956 1913 neque
979 1831 1172 1898 Laconicum
1193 1830 1361 1924 γαιάροχος
1394 1832 1448 1916 (cf.
1471 1834 1574 1900 Inscr.
1597 1833 1654 1901 Gr.

358 1941 457 2022 antiq.
483 1940 537 2022 79)
561 1937 769 2004 obtrudamus
793 1937 960 2019 Hesychio.
1024 1937 1174 2003 Glossam
1204 1938 1333 2019 quidem
1353 1939 1457 2020 ipsam
1486 1957 1559 2005 esse
1590 1939 1657 2007 Ho-

357 2046 524 2127 mericam,
558 2043 778 2125 explicationis
800 2042 893 2106 modo
917 2048 1042 2123 partem
1066 2041 1107 2108 ad
1130 2061 1183 2108 res
1206 2042 1382 2109 Laconicas
1412 2045 1576 2125 pertinere
1598 2065 1658 2128 par

358 2157 437 2217 erat.
461 2187 504 2198 —
538 2149 634 2216 Aliud
668 2154 774 2214 autem
797 2147 918 2229 vitium,
943 2147 1027 2229 quod
1049 2147 1082 2212 in
1104 2149 1263 2213 nonnullis
1287 2147 1418 2214 vocibus
1441 2168 1540 2230 supra
1556 2150 1656 2233 scrip-

358 2257 401 2322 tis
433 2255 647 2336 conspicitur,
681 2254 820 2334 positum
851 2257 902 2317 est
931 2253 964 2316 in
995 2252 1105 2318 littera
1130 2253 1147 2338 β
1177 2251 1259 2318 falso
1283 2253 1404 2319 addita.
1462 2257 1507 2320 Ac
1531 2253 1657 2340 Bopbla

360 2362 489 2444 quidem
511 2361 637 2444 glossa,
676 2375 866 2439 quamquam
897 2355 1159 2438 inscriptionibus
1183 2358 1399 2440 compluribus
1422 2379 1515 2426 serae
1538 2362 1651 2428 aetatis

358 2465 575 2544 confirmatur,
598 2464 731 2548 indigna
756 2467 806 2528 est
829 2462 869 2526 de
892 2479 955 2542 qua
977 2459 1076 2526 verba
1098 2460 1187 2545 fiant,
1211 2463 1328 2545 quippe
1347 2483 1416 2530 cum
1433 2465 1529 2550 longe
1542 2465 1644 2530 melio-

356 2572 403 2636 ris
425 2577 522 2636 notae
544 2569 686 2652 supersit
698 2568 781 2650 apud
794 2563 1118 2651 Hesychium'Opbta.
1153 2567 1292 2634 Restant
1321 2573 1429 2634 tumen
1454 2571 1595 2656 βειέλοτιες
1611 2574 1644 2635 et

358 2677 547 2762 καλαβοῦτοι.
594 2675 643 2740 De
667 2672 781 2756 quibus
804 2672 879 2754 quid
899 2679 987 2738 esset
1001 2671 1398 2739 iudicandumrectissime
1412 2673 1522 2741 docuit
1536 2675 1650 2741 Abren-

358 2783 424 2848 sius
447 2782 502 2865 (de
526 2781 600 2846 dial.
625 2779 691 2845 dor.
715 2798 746 2860 p.
768 2783 807 2842 47
832 2776 905 2842 adn.
932 2783 970 2841 15
995 2782 1027 2842 et
1049 2796 1080 2858 p.
1104 2783 1145 2842 48
1169 2778 1242 2843 adn.
1261 2777 1326 2863 20),
1360 2778 1414 2860 qui
1436 2779 1564 2861 glossae
1587 2798 1654 2846 cor·

356 2893 472 2969 ruptae
494 2886 674 2971 καλαβοῦτοι
697 2883 837 2950 feliciter
859 2880 1038 2947 medicatus
1062 2887 1112 2947 est
1135 2881 1306 2948 scribendo
1328 2885 1517 2972 καλαβοίὸια.
1575 2887 1658 2953 Nam

357 3011 429 3059 cum
450 2992 560 3076 lingua
582 2990 702 3055 Dorica
724 2988 843 3054 diutius
867 2987 978 3052 littera
1001 3015 1024 3073 ,-
1045 3004 1105 3052 usa
1128 2993 1215 3053 esset
1238 3006 1334 3069 quarn
1355 2990 1465 3058 Ionica
1489 2997 1586 3073 atque
1599 2992 1657 3057 At·

351 3099 433 3181 tica,
455 3097 610 3178 homines,
634 3095 688 3176 qui
709 3093 805 3175 primi
830 3092 969 3158 dialecto
991 3092 1039 3156 illi
1063 3093 1307 3176 cognoscendae
1331 3100 1427 3176 atque
1451 3097 1660 3178 explicandae

356 3221 488 3286 operam
510 3198 688 3281 navabant,
720 3196 869 3279 quoniam
890 3196 954 3277 ipsi
986 3195 1182 3277 digammate
1213 3198 1296 3278 quod
1331 3205 1464 3267 vocatur
1493 3201 1661 3283 carebant,

357 3308 391 3373 in
414 3325 472 3373 sua
494 3307 638 3387 ipsorum
659 3304 768 3384 lingua
789 3301 934 3366 litteram
957 3307 1186 3366 consonantem
1208 3302 1406 3384 quaesivisse
1421 3304 1558 3387 putandi
1574 3312 1661 3390 sunt,

359 3431 441 3495 quae
465 3430 559 3493 quam
582 3409 724 3492 proxime
747 3407 788 3473 ad
811 3407 897 3473 illius
920 3406 1213 3487 pronuntiationem
1237 3409 1429 3476 accederet·
1463 3411 1501 3476 Id
1520 3410 1582 3477 sibi
1605 3412 1661 3478 lit-

359 3522 432 3584 tera
456 3517 473 3602 β
497 3515 642 3582 effecisse
664 3512 873 3596 videbantur,
912 3529 973 3594 quo
996 3510 1118 3577 factum
1141 3517 1209 3596 est,
1233 3519 1268 3580 ut
1290 3516 1508 3600 grammatici,
1533 3516 1587 3598 qui
1610 3516 1661 3582 di-

360 3641 489 3708 gamma
511 3623 615 3704 ipsum
637 3618 846 3702 ignorabant,
882 3618 1081 3703 singularem
1102 3617 1224 3683 Dorum
1246 3619 1279 3683 in
1301 3619 1412 3686 littera
1435 3623 1452 3707 β
1474 3622 1662 3704 usurpanda

359 3727 622 3794 consuetudinem
645 3744 716 3791 esse
739 3723 947 3790 affirmarent.
994 3723 1074 3788 Tum
1096 3740 1172 3788 vero
1196 3741 1213 3788 e
1236 3723 1343 3790 studio
1364 3726 1502 3807 quodam
1519 3727 1659 3811 δωρικώ-

361 3857 435 3897 τατα
458 3832 620 3900 scribendi
643 3832 659 3917 β
683 3849 781 3912 saepe
803 3828 885 3894 falso
907 3827 1037 3894 vocibus
1060 3827 1207 3894 additum
1229 3845 1301 3894 esse
1325 3836 1357 3897 et
1380 3833 1531 3900 nonnulla
1554 3851 1661 3899 exem-

361 3943 416 4025 pla
439 3940 479 4007 ab
502 3939 659 4006 Ahrensio
682 3937 819 4004 collecta
842 3941 875 4002 et
895 3936 1001 4016 ipsum
1022 3933 1102 3998 illud
1125 3931 1253 4018 Rapsa
1276 3934 1507 4004 demonstrant.

446 4043 571 4111 Deinde
593 4061 688 4110 voces
713 4039 915 4128 βρυλλιχισταί
938 4045 1035 4121 atque
1058 4040 1235 4104 δεικελιοταί
1252 4059 1349 4124 supra
1365 4040 1503 4109 exhibui.
1548 4039 1659 4110 Verba

361 4152 445 4218 enim
467 4151 561 4217 huius
584 4148 713 4235 generis
736 4147 909 4214 creduntur
930 4164 993 4211 non
1014 4145 1047 4210 in
1065 4145 1150 4209 -σταί
1162 4147 1220 4213 sed
1233 4147 1266 4213 in
1280 4147 1365 4210 -κταί
1387 4149 1572 4218 terminare.
1602 4150 1662 4216 At·

361 4275 422 4340 que
445 4256 485 4323 de
507 4274 585 4322 voce
608 4252 783 4317 δεικελισταί
806 4251 935 4334 quidem
956 4251 1149 4318 Plutarchus
1171 4252 1231 4319 hoc
1254 4253 1376 4320 diserte
1406 4254 1537 4320 tradere
1570 4252 1660 4319 vide-

437 4445 464 4514 1)
482 4443 578 4512 Neque
596 4457 661 4497 vero
680 4442 749 4495 haec
766 4440 859 4508 glossa
879 4437 955 4494 deest
973 4438 1002 4494 iu
1013 4437 1160 4509 Hesychio,
1179 4438 1225 4506 qui
1243 4445 1389 4508 praeterea
1407 4439 1514 4509 glossas
1534 4455 1593 4494 cum
1611 4438 1663 4495 illa

361 4533 564 4604 coniungendas
582 4532 679 4587 habet:
700 4527 820 4604 βάρ[β]αξ
838 4536 919 4597 atque
939 4527 1028 4602 βήραξ.
1072 4527 1126 4583 Sed
1153 4543 1213 4582 cum
1241 4528 1368 4600 anonymi
1395 4529 1562 4585 Beklreriaui
1580 4528 1663 4586 huius

360 4626 435 4681 vocis
454 4623 601 4693 explicatio
621 4623 681 4677 sola
699 4621 765 4676 mihi
785 4620 821 4676 sit
840 4618 1028 4688 respicienda,
1056 4617 1171 4673 formam
1192 4619 1301 4693 tqpqsac
1319 4621 1347 4675 in
1366 4621 1522 4688 catalogum
1540 4618 1664 4687 recipere

361 4729 430 4784 opus
451 4720 519 4768 erat.
566 4711 661 4780 Neque
681 4711 778 4766 mirum
796 4716 839 4765 est
858 4709 892 4764 ab
911 4709 1019 4764 homine
1038 4708 1172 4764 Atticista
1195 4706 1310 4764 formam
1328 4709 1449 4764 Atticam
1475 4709 1562 4765 solam
1579 4707 1664 4778 tradi,

361 4805 408 4875 qui
426 4803 451 4858 si
470 4801 504 4856 de
522 4799 593 4856 iesto
604 4800 882 4856 Lacedaemoniorum
900 4798 986 4867 probe
1004 4814 1055 4854 uos
1073 4798 1161 4866 docet,
1178 4797 1206 4852 id
1224 4815 1279 4854 non
1297 4806 1353 4854 tam
1368 4799 1492 4855 consulto
1506 4813 1586 4870 quam
1599 4799 1665 4869 quia

361 4895 390 4956 iu
408 4892 551 4968 dvrquqq
571 4906 620 4946 suo
638 4890 741 4948 invenit
759 4889 857 4946 fecisse
876 4885 1073 4946 existimandus
1092 4894 1142 4946 est
