3814 5370
882 369 919 434 13

438 539 550 623 Apost.
574 539 616 623 11,
640 544 692 605 72.
897 539 900 639 l
1052 539 1267 624 Pseudodiog.
1291 539 1338 618 ll,
1362 539 1412 602 30.

283 647 393 732 Ἅμμες
423 646 488 710 πότ’
511 644 587 729 ἦμες
620 641 740 728 ἄλκιμοι
770 641 883 706 νεανίαι
951 639 1062 728 Ἄμμες
1085 643 1150 707 πότ’
1174 642 1267 727 ἦμεν·
1301 636 1467 723 Λακωνικὴ
1493 661 1553 702 πα-

247 749 413 836 Λακωνικὴ
436 749 632 834 ἡπαραβολὴ
649 744 712 811 ἀντί
727 749 779 811 τοῦ
796 747 884 831 ἡμεῖς
916 747 1031 835 ραβολὴ
1063 744 1126 812 ἀντὶ
1164 750 1216 810 τοῦ
1246 747 1334 831 ἡμεῖς
1366 744 1431 808 ποτ’
1465 742 1551 827 ἦμεν.

247 859 311 921 ποτ’
335 857 420 942 ἦμεν.
467 852 563 938 Τριῶν
588 849 645 938 γὰρ
667 856 767 938 χορῶν
791 850 882 915 όντων
916 852 1013 940 Τριῶν
1038 849 1094 938 γάρ
1117 855 1216 938 χορῶν
1241 850 1332 916 όντων
1366 850 1381 911 b
1413 845 1463 933 μὲν
1493 851 1552 909 τῶν

247 959 322 1026 κατὰ
345 959 397 1032 τὰς
419 959 497 1045 τρεῖς
519 957 638 1043 ἡλικίας
666 954 717 1020 καί
747 979 884 1020 σονιστα-
915 962 1050 1024 παλαιῶν
1081 959 1159 1022 τοῦτ’
1191 957 1299 1041 ἔλεγεν.
1360 950 1400 1017 Ὃ
1432 950 1466 1014 δὲ
1493 955 1551 1014 τῶν

250 1066 344 1151 με’νων
369 1065 399 1130 ἐν
421 1065 485 1136 ταῖς
508 1062 624 1147 ἑορταῖς
647 1063 663 1124 b
692 1058 743 1145 μὲν
758 1067 816 1125 τῶν
832 1084 884 1145 γε·
915 1064 1067 1148 νεωτέρων
1091 1060 1140 1127 καί
1164 1060 1375 1146 ἀκμαζόντων·
1393 1052 1503 1141 Ἄμμες
1519 1051 1553 1117 δὲ

248 1172 357 1257 ρόντων
379 1170 458 1234 τοῦτ’
483 1166 601 1251 ἔλεγεν·
631 1168 647 1229 ὁ
671 1163 704 1229 δὲ
726 1170 784 1229 τῶν
806 1189 885 1230 νεω-
916 1171 944 1253 γ’
968 1167 1049 1254 είμὲς
1071 1169 1102 1232 αἰ
1125 1166 1159 1232 δὲ
1181 1170 1252 1253 λῇς,
1278 1161 1438 1247 αὐγάσδεο.
1479 1161 1495 1222 b
1519 1157 1553 1222 δὲ

248 1275 341 1360 τέρων
364 1272 415 1338 καί
438 1273 651 1357 ἀκμαζόντων·
667 1266 779 1356 Ἄμμες
802 1271 835 1334 δέ
856 1272 884 1355 γ’
917 1279 975 1338 τῶν
999 1272 1112 1358 νηπίων
1142 1269 1192 1336 καί
1224 1268 1308 1334 οὔπω
1339 1267 1551 1352 ἀκμαζόντων·

251 1377 357 1464 ἐσμὲν
393 1379 422 1442 αἰ
454 1375 487 1442 δὲ
508 1380 576 1463 λῇς,
612 1377 715 1461 πεῖραν
738 1374 822 1462 λαβέ.
869 1377 884 1438 ὁ
911 1374 1022 1462 Ἄμμες
1045 1378 1078 1441 δέ
1100 1378 1128 1461 γ’
1151 1376 1323 1460 ἐσσόμεσθα
1353 1373 1455 1458 πολλῷ
1477 1368 1553 1455 κάρ-

253 1481 285 1548 δὲ
307 1487 365 1547 τῶν
393 1482 506 1568 νηπίων
539 1480 590 1546 καί
614 1480 698 1546 οὔπω
731 1482 885 1566 ἀκμαίόν-
918 1485 1010 1570 ρονες.

253 1611 327 1652 των·
347 1587 454 1672 Ἄμμες
478 1587 511 1652 δέ
533 1588 562 1671 γ’
586 1587 760 1671 ἐσσόμεσθα
782 1587 886 1671 πολλῷ

252 1691 400 1778 κάρρονες.

334 1796 544 1864 Manifestum
572 1815 673 1879 neque
704 1796 763 1862 ulli
792 1795 988 1863 dubitationi
1011 1794 1181 1861 obnoxium
1204 1799 1273 1874 est,
1297 1813 1336 1860 ex
1356 1793 1553 1860 Pseudodio·

249 1903 386 1988 geniano
407 1902 549 1985 pendere
569 1900 779 1983 Apostolium.
825 1903 869 1966 nt
890 1909 1000 1967 tamen
1023 1900 1121 1967 habet
1132 1901 1235 1982 plura.
1281 1899 1374 1964 Unde
1390 1897 1554 1983 cognitum

249 2006 392 2074 habebat
415 2025 527 2073 senum
549 2006 690 2072 virorum
712 2024 885 2089 puerorum
908 2007 1022 2072 choros
1045 2022 1108 2070 non
1131 2004 1194 2070 nisi
1217 2004 1286 2069 dies
1308 2003 1412 2069 festus
1435 2001 1554 2087 ageba·

249 2118 302 2178 tur
323 2130 397 2177 sese
421 2129 639 2195 congregasse
663 2111 797 2176 canticis
820 2111 885 2176 illis
909 2110 971 2176 sibi
993 2127 1223 2193 responsuros,
1253 2126 1428 2190 senumque
1450 2107 1554 2189 prima

250 2216 350 2282 verba
380 2215 503 2281 luisse?
558 2216 602 2280 Et
634 2215 662 2280 si
691 2215 771 2282 haec
802 2214 898 2281 facile
929 2215 1115 2280 coniectura
1138 2214 1244 2295 potuit
1267 2213 1414 2294 assequi,
1448 2229 1553 2277 nonne

251 2321 343 2402 plane
369 2318 559 2386 incredibile
589 2325 641 2386 est
673 2339 746 2385 eum
776 2320 809 2384 in
837 2320 888 2385 his
920 2318 1019 2386 rebus
1043 2339 1063 2385 a
1085 2318 1408 2403 Pseudodiogeniano
1440 2315 1555 2382 alienis

251 2425 439 2490 enarrandis
463 2426 495 2490 in
518 2425 590 2507 ipsa
611 2424 777 2490 Plutarchi
800 2423 900 2490 verba
921 2423 1055 2490 fortuito
1077 2424 1254 2489 incidisse?
1305 2422 1399 2488 Ultro
1423 2420 1553 2488 deduci·

251 2549 321 2595 mur
344 2549 400 2613 eo,
435 2535 472 2595 ut
493 2529 574 2595 haec
599 2548 638 2595 ex
660 2529 730 2612 ipso
753 2529 926 2595 Plutarcho
958 2532 990 2593 in
1013 2528 1207 2613 Diogeniani
1237 2526 1337 2593 verba
1368 2545 1450 2608 quae
1473 2527 1557 2607 Apo-

250 2635 365 2700 stolius
388 2633 595 2718 depinxerat,
633 2634 793 2700 inculcata
818 2652 891 2700 esse
914 2639 1112 2716 statuamus,
1143 2633 1232 2699 cuius
1255 2634 1435 2698 sententiae
1458 2631 1555 2698 docu-

250 2743 391 2805 mentum
413 2739 499 2804 haud
523 2739 685 2805 levidense
703 2740 779 2805 inde
795 2739 931 2819 accedit,
955 2738 1038 2820 quod
1063 2739 1168 2804 adhuc
1185 2739 1218 2802 in
1232 2737 1342 2803 codice
1357 2737 1439 2803 satis
1454 2736 1556 2818 probo

251 2843 499 2910 Vratislaviensi
520 2844 550 2909 R
573 2842 667 2926 αὐγᾶς
690 2841 743 2908 δύο
768 2843 821 2930 (ex
842 2845 1037 2928 Diogeniani
1060 2842 1209 2927 αὐγάσδεο
1234 2845 1432 2924 corruptum)
1456 2846 1556 2909 extet.

252 2947 355 3014 Valde
378 2953 486 3014 autem
508 2948 680 3030 lugendum
703 2955 770 3031 est,
806 2948 933 3014 codices
957 2948 1115 3030 Apostolii
1138 2948 1278 3013 nondum
1300 2949 1381 3014 satis
1404 2951 1557 3012 accurate

253 3053 453 3119 examinatos
475 3069 556 3118 esse.
601 3051 684 3119 Nam
706 3053 735 3118 si
756 3053 931 3120 Leutschio
954 3054 1021 3120 sive
1044 3054 1152 3136 potius
1175 3054 1243 3118 eius
1269 3051 1453 3119 auctoribus
1475 3049 1557 3116 fides

252 3155 402 3223 habenda
431 3161 482 3223 est
513 3157 593 3222 nihil
623 3158 665 3222 ad
696 3158 779 3224 hunc
802 3161 907 3226 locum
930 3159 970 3224 de
993 3157 1113 3224 codicis
1136 3159 1164 3223 D
1188 3159 1350 3239 scriptura
1373 3157 1556 3224 adnotanti-

253 3259 329 3341 bus,
363 3268 488 3328 certum
510 3268 561 3328 est
584 3263 783 3345 Apostolium
816 3263 923 3345 ipsum
944 3263 1110 3329 Plutarchi
1132 3261 1240 3329 verbis
1261 3261 1557 3346 Pseudodiogenia·

253 3385 327 3433 num
350 3366 478 3433 auxisse
500 3367 733 3450 lectionemque
756 3369 860 3452 πεῖραν
882 3366 958 3453 λαβέ
980 3386 1038 3449 pro
1062 3365 1212 3450 αὐγάσδεο
1242 3367 1305 3433 sibi
1336 3367 1477 3433 fortasse
1500 3365 1557 3433 ob-

253 3471 396 3538 semiore
418 3471 493 3538 inde
515 3473 717 3553 repetivisse.
764 3473 853 3551 Quae
874 3493 947 3539 cum
969 3475 1016 3538 ita
1033 3474 1109 3556 sint,
1133 3472 1292 3539 abiciatur
1310 3473 1406 3554 plane
1421 3475 1557 3555 Aposto-

252 3576 324 3644 lius.
379 3576 416 3641 ld
437 3581 563 3642 tantum
584 3577 900 3663 Pseudodiogeniani
923 3579 1084 3659 excerptis
1107 3577 1307 3661 proficimus,
1330 3583 1367 3643 ut
1390 3577 1475 3659 apud
1498 3576 1558 3642 Ze·

253 3680 384 3748 nobium
406 3686 440 3748 et
461 3699 642 3748 sermonem
664 3682 764 3750 fuisse
789 3682 984 3749 affirmemus
1007 3690 1139 3764 praeter
1172 3703 1226 3766 ea,
1264 3702 1346 3764 quae
1368 3682 1557 3749 recensione

253 3785 360 3852 Athea
385 3786 573 3870 traduntur,
612 3788 653 3854 de
680 3787 784 3855 tribus
806 3789 871 3854 illis
896 3789 1001 3854 choris
1026 3807 1065 3854 ex
1087 3788 1196 3869 pueris
1218 3789 1296 3854 viris
1319 3786 1449 3854 senibus
1483 3805 1559 3853 con·

254 3890 387 3973 stitutis,
412 3896 445 3958 et
469 3892 615 3958 extitisse
638 3894 751 3974 plenos
771 3894 915 3979 singulos
939 3895 1140 3979 singulorum
1161 3912 1273 3960 versus
1295 3893 1344 3959 ita
1359 3892 1498 3976 quidem,
1521 3896 1559 3958 ut

253 3995 287 4062 iu
309 3996 413 4062 altero
434 3993 585 4078 αὐγάσδεο
608 4017 671 4064 non
694 3999 796 4084 πεῖραν
818 3999 893 4085 λαβέ
916 4001 1091 4084 legeretur.

342 4101 431 4166 Haec
453 4101 557 4186 igitur
577 4122 774 4188 magnopere
797 4103 976 4190 infringant
997 4123 1130 4171 necesse
1154 4109 1205 4170 est
1218 4103 1433 4169 Plutarcbeae
1455 4104 1558 4188 πεῖραν

253 4204 328 4290 λαβέ
351 4205 500 4272 lectionis
523 4209 761 4292 auctoritatem,
784 4209 845 4275 nisi
869 4211 997 4276 aliunde
1019 4211 1124 4291 possit
1139 4211 1169 4276 ei
1185 4208 1412 4276 adminiculum
1430 4208 1560 4291 aliquod

255 4309 373 4376 afferri·
419 4309 483 4378 Sed
507 4317 557 4378 est
578 4315 655 4381 tale.
701 4313 866 4380 Habemus
891 4317 1032 4396 amplum
1054 4315 1197 4382 scholion
1220 4314 1262 4381 ad
1280 4314 1426 4379 Platonis
1448 4312 1489 4379 de
1513 4315 1559 4379 le·

256 4413 351 4500 gibus
373 4413 491 4482 librum
513 4418 651 4498 primum
673 4419 743 4486 voci
759 4419 891 4490 ξυσσίτια
913 4421 958 4503 (p.
976 4421 1039 4487 633
1051 4421 1091 4505 A)
1116 4420 1323 4503 adscriptum,
1347 4420 1380 4485 iu
1394 4437 1456 4502 quo
1469 4423 1559 4501 post·

256 4536 350 4600 quam
373 4521 617 4588 accuratissime
640 4525 968 4592 Lacedaemoniorum
1003 4524 1139 4591 cenandi
1169 4524 1365 4591 consuetudo
1396 4523 1560 4606 descripta

256 4633 305 4698 est
328 4625 577 4708 suffragiumque
599 4627 680 4694 illud
700 4629 920 4713 memorabile,
944 4649 1006 4712 quo
1022 4630 1093 4713 quis
1108 4630 1142 4696 in
1157 4630 1339 4698 cenantium
1352 4628 1560 4696 sodalitatem

254 4729 486 4814 recipiebatur,
511 4731 629 4798 uerbis
658 4733 777 4801 adlatis
810 4733 925 4816 quibus
954 4736 1111 4802 maximus
1142 4739 1221 4801 natu
1252 4754 1367 4801 novum
1390 4732 1561 4800 coutuber-

257 4836 361 4904 nalem
390 4835 619 4902 introducebat
657 4835 710 4923 (ci.
741 4858 839 4922 supra
868 4858 899 4921 p.
933 4842 984 4924 8),
1032 4859 1135 4923 pauca
1167 4840 1208 4905 de
1238 4838 1317 4906 cibis
1352 4837 1392 4904 ab
1428 4839 1474 4906 eis
1507 4839 1563 4922 qui
