3814 5370
891 375 928 437 61

342 547 393 610 49.
440 539 804 629 Κορυθαλίστριαι·
828 547 858 607 αί
881 541 1061 630 χορεόουσαι
1083 550 1119 630 τῇ
1145 541 1322 632 Κορυθαλίορ
1344 547 1410 633 θεᾷ.

342 649 391 714 De
413 649 518 714 Diana
542 649 728 730 Corythalia
750 648 983 730 Spartanorum
1007 649 1068 714 dea
1092 649 1130 715 cf.
1144 652 1305 717 Polemon.
1329 654 1413 735 apud
1437 655 1553 721 Athen.

254 754 300 820 IV
327 755 436 819 1393.
481 753 606 819 Eadem
629 755 762 820 Tarenti
784 753 846 820 fuit
869 755 907 820 cf.
932 755 1009 820 Hes.
1034 773 1099 820 su.
1123 755 1259 840 κυριττοί.

344 865 394 924 50.
441 857 666 944 Κουρίδιον·
692 859 863 945 (παρθένιον
886 858 936 922 καί
958 859 1012 944 τὴν
1033 860 1067 921 ἐκ
1094 860 1256 946 παρθενίας
1282 860 1388 949 ἄνδρα)
1412 863 1558 938 Λάκωνες

259 960 292 1026 δὲ
314 962 460 1048 κουρίδιον
482 966 608 1027 καλοῦσι
629 962 677 1028 τόν
701 965 770 1049 παρ’
795 964 893 1036 αὐτοῖς
916 963 1102 1051 τετροίχειρον
1123 961 1314 1030 Ἀπόλλωνα.

341 1066 389 1131 τόν
413 1069 483 1154 παρ’
507 1069 606 1141 αὐτοῖς
629 1068 835 1136 scribendum
858 1089 929 1136 esse
951 1090 1010 1152 pro
1033 1068 1114 1155 παρὰ
1138 1069 1171 1134 δὲ
1194 1071 1292 1144 αὐτοῖς
1316 1075 1453 1139 coniecit
1475 1095 1556 1142 nnus

258 1192 296 1238 ex
319 1174 496 1240 editoribus
519 1175 677 1241 Thesauri
700 1175 829 1260 hoguae
853 1176 997 1241 Graecae
1029 1195 1054 1240 s.
1076 1196 1104 1241 ν.
1127 1199 1208 1261 κουρ.
1267 1177 1357 1256 Quae
1390 1181 1480 1245 uncis
1510 1182 1558 1245 in-

261 1279 358 1363 clusi,
380 1281 544 1361 pertinent
567 1280 609 1346 ad
631 1280 724 1346 Hom.
749 1281 776 1345 E
798 1287 872 1345 414.

345 1391 395 1450 51.
441 1383 594 1449 Κυνακί
602 1407 660 1457 ας·
683 1383 809 1470 ἱμάντες,
833 1386 861 1449 οἱ
883 1386 916 1447 ἐκ
939 1384 1049 1471 βόρσης
1070 1389 1123 1448 τοῦ
1144 1387 1381 1472 σφαγιασθέντος
1395 1388 1559 1477 τετράχειρι

257 1482 427 1552 ’.λπόλλωνι
451 1487 520 1576 βοός
543 1489 662 1553 ἔπαθλα
686 1491 835 1576 διδόμενοι
858 1489 995 1572 (Albert.
1019 1491 1088 1556 cod.
1114 1491 1284 1576 διδομένου)
1320 1491 1359 1558 cf.
1383 1513 1409 1559 s.
1428 1515 1457 1561 v.
1482 1497 1558 1582 βειέ-

263 1595 360 1666 λοπες.
386 1600 419 1660 et
441 1597 676 1681 πυρώλοφος
698 1596 804 1682 (Phot.
827 1595 1068 1682 πυρσολόιρους)·
1093 1594 1209 1680 ἱμάντες
1232 1599 1259 1660 οί
1281 1599 1340 1667 <ἐκ
1356 1599 1476 1671 Phor>
1498 1627 1558 1664 πα-

260 1700 465 1784 ροπτηθεισῶν
490 1705 606 1788 βυρσῶν
629 1702 810 1786 τεμνόμενοι.

342 1808 521 1888 Apollinem
543 1809 631 1872 illum
654 1825 822 1890 perperam
846 1812 882 1873 ut
904 1807 1032 1872 videtur
1048 1809 1093 1873 Le
1105 1809 1170 1874 Bas
1193 1807 1227 1894 (l.
1241 1829 1267 1874 c.
1285 1811 1365 1891 expl.
1383 1831 1413 1892 p.
1434 1818 1494 1877 100
1508 1833 1555 1895 sq.

257 1930 286 1975 n.
313 1911 387 1997 180)
421 1911 575 1996 adgnovit
607 1913 639 1976 in
662 1913 764 1994 ligura
786 1919 939 1994 quattuor
962 1911 1121 1978 bracchiis
1144 1915 1319 1998 instructa,
1353 1917 1393 1981 de
1429 1935 1491 1998 qua
1515 1918 1555 1984 cf.

257 2016 386 2082 Mitteil.
411 2024 472 2082 etc.
495 2017 528 2081 Il
550 2036 580 2098 p.
607 2016 758 2083 analio.
782 2023 855 2083 200.

343 2126 394 2186 52.
441 2120 565 2185 Νέαι·
588 2121 810 2207 ἀγωνισάμεναι
831 2125 967 2206 γυναῖκες
988 2120 1037 2186 τόν
1060 2121 1136 2209 ίερδν
1160 2125 1280 2208 δρόμον.

345 2227 385 2292 cf.
407 2246 433 2293 s.
445 2248 474 2293 ν.
499 2227 700 2300 Διονυσιάδες.
745 2230 894 2295 Meineke
917 2229 1134 2295 audacissima
1157 2231 1342 2296 coniectura
1364 2233 1446 2297 hanc
1469 2233 1557 2317 glos-

259 2349 330 2396 sam
361 2333 532 2415 temptavit
565 2334 612 2416 (in
634 2334 768 2400 Theocr.
792 2353 823 2416 p.
847 2333 924 2419 488)
958 2339 995 2399 ut
1028 2339 1139 2416 posset
1171 2336 1212 2400 ad
1241 2336 1405 2401 Theocriti
1437 2338 1559 2401 νεολαία

259 2436 384 2504 reterri.

345 2549 395 2608 53.
437 2539 597 2628 Ὀρθία·
626 2543 759 2629 Ἄρτεμις
782 2543 876 2614 οὕτως
899 2540 1015 2628 εἴρηται
1037 2542 1095 2607 ἀπὸ
1130 2548 1181 2607 τοῦ
1214 2544 1243 2607 ἐν
1263 2541 1413 2630 Ἀρκαδία
1443 2547 1557 2632 χωρίου

257 2645 331 2711 ἔνθα
354 2645 430 2733 ἱερὸν
451 2645 628 2733 Ἀρτέμιδος
652 2649 887 2734 inpositurn-¹).

342 2754 444 2820 Parco
478 2755 671 2820 testimoniis
707 2754 909 2836 scriptorum.
955 2752 995 2818 cf.
1020 2751 1155 2819 Trieber
1189 2760 1313 2836 quaest.
1337 2757 1413 2820 Lac.
1450 2777 1480 2839 p.
1504 2764 1554 2824 30.

257 2859 339 2924 Ludi
360 2860 393 2924 in
411 2855 587 2944 Ἀτρέμιτος
605 2856 750 2945 Ὀρθείας
772 2860 926 2924 honorem
956 2878 975 2923 a
1006 2859 1115 2940 pueris
1149 2859 1368 2940 equitantibus
1401 2861 1557 2929 celebrati

258 2970 544 3030 commemorantur
567 2965 682 3030 CJGI
717 2969 809 3030 1416.
844 2963 884 3028 cf.
914 2968 1006 3028 1444.
1052 2964 1097 3028 Le
1119 2964 1340 3030 Bas-Toucart
1363 2966 1425 3032 l.c.
1452 2973 1511 3032 162
1526 2969 1555 3034 d.

346 3075 397 3134 54.
445 3068 471 3133 ll
483 3095 501 3153 η
513 3093 527 3155 ρ
538 3071 608 3155 ερό
616 3094 630 3133 ν
642 3092 718 3133 εια·
744 3069 949 3154 Περσεφόνεια
972 3066 1127 3139 Λάκωνες.

343 3174 380 3238 In
403 3175 498 3240 titulo
522 3173 706 3262 Π]ηριιρόναι
727 3175 806 3242 JGA
831 3180 903 3256 538,
927 3173 984 3239 sed
1007 3172 1215 3258 [Π]ερσεφόνα
1238 3173 1314 3239 GJG
1336 3175 1352 3240 Ι
1376 3181 1468 3242 1464.

344 3284 394 3344 55.
442 3278 683 3364 Πιτανάτης·
708 3281 738 3363 (ό
752 3277 920 3365 Πιτανοίτης
941 3279 1032 3360 λόχος
1056 3277 1226 3364 αὐτοσχεδὰ
1248 3283 1337 3360 ζεται,
1362 3280 1415 3343 οὐκ
1438 3285 1478 3345 διν
1493 3287 1556 3356 ταῖς

258 3383 415 3468 ἀληθείαις
438 3383 478 3451 cf.
502 3385 621 3451 Herod.
646 3385 692 3450 IX
716 3391 766 3450 53.
791 3386 889 3451 Thuc.
912 3384 929 3449 Ι
954 3385 1020 3468 20).
1068 3382 1219 3469 Πιτανάτρ
1244 3381 1276 3447 δὲ
1299 3384 1393 3468 ἀγῶνι
1425 3395 1557 3476 γυμνικῷ

257 3489 286 3552 ἐν
311 3487 425 3576 Ιίιτοίνρ
449 3489 597 3576 ἀγομένῳ.

343 3594 539 3661 Schmidtius
563 3594 683 3661 codicis
705 3595 898 3675 scripturam
922 3592 1107 3678 Πιτανοίτηδι
1128 3593 1244 3677 ἀγῶ-
1268 3595 1415 3661 correxit.

344 3705 394 3763 56.
443 3699 635 3785 Ποδίκρα·
666 3698 789 3786 ὄρχησις
811 3696 883 3784 πρός
905 3699 984 3761 πόδα
1007 3697 1156 3784 γινομένη.
1190 3696 1382 3785 Λάκωνεςῗ).

344 3810 394 3869 57.
440 3804 653 3892 Πολόβοια·
677 3806 747 3877 θεός
769 3829 820 3882 τις,
845 3803 894 3866 ὑπ’
917 3803 1002 3867 ἐνίων
1020 3801 1211 3889 μὲνἌρτεμις
1227 3801 1282 3866 ὑπὸ
1301 3802 1333 3866 δὲ
1346 3803 1444 3869 ἄλλων
1458 3805 1555 3893 Κόρη.

342 3909 503 3992 Polyboea
526 3929 618 3977 soror
640 3911 814 3994 Hyacinthi
838 3909 947 3988 (Pans.
970 3909 1019 3974 ΙΙΙ
1043 3914 1093 3992 19,
1116 3910 1150 3993 4)
1172 3907 1273 3974 fuisse
1297 3909 1500 3978 credebatur.

343 4020 393 4080 58.
440 4014 678 4078 Ποσείδαια·
703 4015 786 4098 (cod.
810 4014 873 4096 -ία)
897 4012 984 4098 ἑορτὴ
1009 4013 1177 4077 Ποσειδῶνι
1197 4013 1368 4100 τελουμένη.

345 4119 435 4188 Haec
459 4122 568 4206 glossa
602 4140 678 4187 num
711 4120 752 4186 ad
783 4138 837 4186 res
860 4119 1037 4201 Spartanae
1065 4119 1230 4201 pertineat
1261 4125 1371 4201 potest
1403 4120 1554 4189 dubitari.

329 4397 356 4468 1)
376 4395 451 4465 Quae
470 4414 491 4454 s.
508 4415 532 4452 ν.
552 4395 695 4470 ’θρθωσία·
724 4398 856 4468 ἐπώνυμον
874 4396 1014 4471 Ἀρτέμιδος
1032 4397 1173 4466 leguntur,
1200 4398 1254 4451 huc
1272 4413 1326 4454 non
1344 4397 1496 4467 pertinent,
1527 4402 1552 4456 si

255 4486 365 4554 quidem
384 4486 515 4542 Orthosia
534 4488 569 4542 ah
588 4489 712 4543 omnibns
732 4488 851 4543 Dorihns
870 4489 1020 4543 colebatur.
1057 4486 1091 4542 cf.
1110 4486 1212 4542 Herod.
1231 4487 1270 4540 IV
1288 4491 1331 4542 87.

328 4580 356 4646 2)
375 4576 507 4632 Fortasse
525 4577 559 4631 de
578 4578 733 4646 saltatione,
753 4594 822 4646 quae
836 4579 931 4649 βίβασιι
945 4577 1050 4631 Polluci
1069 4577 1120 4648 (lV
1132 4579 1193 4644 102)
1212 4577 1296 4644 audit,
1316 4585 1357 4632 est
1370 4578 1554 4646 cogitandum.

256 4695 287 4704 -
309 4665 335 4718 S.
349 4683 374 4718 ν.
393 4663 498 4719 Διπόλια
517 4667 601 4721 verba
619 4668 647 4720 in
669 4668 803 4738 Hesychia
822 4675 917 4722 extant
935 4668 978 4720 καὶ
997 4667 1060 4725 altor
1078 4664 1232 4739 Λακωνικῆς
1253 4666 1383 4739 ὀρχήσεως
1408 4667 1554 4724 manifesto

255 4753 291 4807 ad
310 4754 430 4822 glossam
448 4758 601 4824 proximam
620 4757 742 4827 (διποδία)
761 4757 936 4813 retrahenda.
973 4755 1027 4810 Sed
1044 4757 1117 4812 hanc
1136 4757 1317 4825 praetermisi,
1338 4764 1368 4810 ut
1380 4773 1433 4825 par
1445 4765 1506 4812 erat
1525 4757 1554 4812 in

255 4843 348 4911 glossa
367 4844 402 4898 ad
422 4847 635 4915 Aristophanem
654 4847 782 4918 (Lysistr.
805 4848 885 4919 1243)
904 4853 1053 4914 spectante.
