3814 5370
199 580 302 650 verba
325 588 449 650 cartam
471 581 730 650 emendationem
752 580 846 650 nobis
867 589 1110 670 suggerunt-
1133 585 1213 652 Tum
1234 605 1311 654 vero
1332 591 1370 653 ot
1392 587 1508 672 negari

199 689 315 771 nequit
335 686 435 754 verba
454 685 536 773 παρὰ
558 687 811 771 Λακεδαιμονίοις
831 705 932 771 usque
955 679 996 756 ad
1020 690 1154 776 βήρηκος
1177 690 1336 777 insignem
1359 693 1507 776 anonymi

200 794 383 862 doctrinam
406 793 594 876 ostendere,
629 794 677 859 ita
699 794 978 874 persuasissimum
1001 793 1105 862 habeo
1127 795 1269 878 priorem
1290 797 1384 866 huius
1408 799 1507 880 expli-

198 899 338 966 cationis
361 904 506 982 partem,
540 917 636 982 quam
659 897 780 964 eisdem
804 897 913 966 uerbis
935 901 968 964 in
991 899 1152 984 Hesychio
1175 902 1330 987 legimus,
1362 903 1504 969 elerico

198 1005 365 1072 rhetorico
388 1022 460 1071 esse
484 1005 685 1086 desumptam
707 1003 844 1086 Didymo
866 1004 1057 1071 recentiore.
1103 1005 1195 1084 Quod
1216 1012 1253 1073 ut
1274 1012 1367 1074 tanta
1387 1006 1506 1076 fidutia

199 1108 369 1193 affirmem,
403 1109 527 1177 iaciunt
549 1107 650 1175 verba
672 1107 800 1192 Didymi
827 1107 867 1175 ab
891 1110 1057 1177 Athenaeo
1080 1117 1210 1178 servata
1233 1111 1292 1196 (IV
1313 1131 1344 1195 p.
1371 1118 1432 1180 140
1445 1114 1505 1197 Α);

201 1217 367 1301 διαρρήδην
390 1214 486 1298 λέγων
511 1212 608 1299 μάζας
630 1215 660 1279 ἐκ
682 1217 747 1287 ταῖς
769 1213 869 1279 κοπίσι
891 1214 1113 1300 παρατίθεσθαι
1134 1216 1234 1300 (τοῦτο
1256 1214 1313 1302 γὰρ
1335 1219 1362 1281 oi
1379 1216 1506 1305 βάρακες

202 1323 353 1406 δηλοῦσιν,
378 1317 445 1406 οὐχί
468 1319 613 1406 τολύπας“,
637 1323 678 1393 ὣς
701 1345 777 1406 φησι
798 1319 985 1406 Λυκόφρων,
1020 1324 1040 1405 ἢ
1063 1318 1100 1384 τὰ
1122 1321 1342 1407 προφυράματα
1363 1327 1421 1387 τῶν
1445 1347 1506 1408 μια-

202 1431 270 1512 toy,
295 1423 595 1513 ώςἘρατοοθίιης).
641 1425 730 1504 Quae
754 1427 782 1493 si
805 1426 877 1508 quis
900 1445 1002 1508 aequo
1025 1427 1131 1492 animo
1147 1428 1365 1513 perpenderit,
1388 1431 1504 1513 nullus,

202 1532 325 1616 opinor,
347 1530 520 1616 dubitabit,
545 1531 621 1613 quin
643 1529 703 1597 sub
725 1531 790 1597 illis
813 1532 840 1594 οἱ
855 1529 898 1612 δὲ,
921 1532 975 1613 qui
998 1550 1154 1615 anonymo
1177 1538 1211 1599 at
1226 1531 1387 1616 Hesychio
1410 1535 1504 1600 testi-

204 1637 261 1704 bus
287 1639 424 1725 βήρηκας
446 1637 636 1720 simphciter
660 1634 756 1720 ράίας
779 1635 961 1720 significare
984 1637 1152 1718 dixerunt,
1184 1639 1254 1720 ipse
1277 1639 1433 1722 Didymus
1454 1641 1506 1706 val

204 1745 310 1826 potius
333 1744 371 1806 ‘ot
394 1740 461 1828 περί
485 1742 626 1827 Δίδυμον’
651 1744 785 1809 lateant.
845 1741 967 1820 Quodsi
988 1742 1071 1808 hanc
1094 1761 1220 1826 quoque
1242 1744 1396 1826 Hesychii
1418 1746 1505 1830 glos·

208 1867 271 1916 sam
293 1867 373 1931 praa
397 1849 544 1931 anonymi
559 1848 756 1914 Bekkeriani
779 1846 997 1929 disputatione
1019 1847 1112 1914 nihili
1134 1847 1280 1931 facimus,
1302 1850 1391 1916 nulla
1407 1869 1506 1918 causa

208 1959 262 2038 est,
285 1973 342 2020 cur
363 1954 396 2020 id
419 1973 536 2040 magno
561 1972 659 2036 opere
682 1954 856 2020 doleamus.
902 1953 1060 2019 Nimirum
1082 1953 1172 2019 locus
1184 1954 1354 2034 Athenaei,
1378 1955 1418 2021 de
1441 1975 1503 2038 quo

208 2060 298 2127 modo
319 2060 401 2143 dixi,
432 2060 528 2127 docet
549 2078 607 2126 nos
630 2060 662 2124 in
686 2059 734 2126 ais
759 2077 841 2142 quaa
858 2058 1039 2141 Hesychius
1061 2076 1087 2124 s.
1099 2078 1127 2123 v.
1153 2056 1282 2144 βάρακες
1305 2066 1339 2126 et
1363 2058 1505 2147 βάρ[β]αξ

213 2164 342 2249 exhibet,
364 2167 471 2232 inesse
493 2166 721 2232 Eratosthenis
744 2171 778 2232 et
799 2163 1017 2248 Lycophronis
1038 2164 1234 2232 eruditiones
1249 2165 1387 2248 Didymo
1402 2167 1504 2233 multo

218 2269 434 2351 antiquiorum,
471 2271 525 2354 qui
547 2271 704 2353 quomodo
727 2270 806 2336 haec
829 2267 986 2336 vocabula
1009 2269 1075 2335 sint
1097 2268 1324 2352 interpretati,
1347 2271 1425 2337 licet
1446 2271 1503 2336 Di-

218 2374 318 2458 dymus
339 2397 395 2444 eos
406 2377 603 2444 temeritatis
619 2375 803 2460 convicerit,
826 2377 910 2443 scire
922 2376 1034 2457 utique
1050 2381 1179 2460 gratum
1195 2380 1254 2441 est.
1301 2374 1341 2442 ci.
1354 2375 1506 2442 Stracker

211 2479 246 2546 de
265 2482 474 2566 Lycophrona
504 2483 691 2566 Euphronio
717 2482 935 2549 Eratosthene
959 2481 1151 2548 comicorum
1173 2480 1405 2564 interpretibus
1427 2481 1505 2549 diss.

207 2584 382 2671 Gryphisu.
409 2593 492 2655 1884
514 2608 545 2672 p.
571 2593 621 2654 31.
863 2657 866 2668 ,

287 2692 373 2761 Num
393 2713 470 2760 vero
493 2713 541 2778 ea,
565 2712 647 2776 quae
670 2691 711 2758 ab
724 2691 885 2775 Hesychio
908 2697 1006 2774 atqua
1029 2710 1185 2774 anonymo
1209 2693 1251 2759 ad
1267 2711 1379 2760 vocem
1394 2717 1504 2778 στερ-

202 2800 389 2882 ροτιοιῖον
413 2799 627 2882 adnotantur,
651 2817 690 2864 ex
713 2798 826 2864 eodam
848 2797 937 2864 fonta
960 2816 1019 2878 per
1042 2797 1171 2863 canales
1194 2798 1279 2864 inter
1301 2815 1337 2864 se
1360 2797 1506 2866 diversos

199 2905 266 2970 sint
289 2905 474 2984 derivanda,
496 2903 613 2971 dubius
635 2903 763 2969 haereo.
810 2901 899 2980 Quae
922 2903 950 2969 si
973 2920 1032 2984 per
1054 2920 1090 2967 se
1109 2902 1372 2983 consideraveris,
1395 2923 1506 2986 quam·

199 3029 298 3093 quam
322 3010 475 3092 Hesychii
498 3009 609 3096 glossa
630 3009 789 3075 maculam
811 3009 972 3074 contraxit
994 3026 1098 3089 neque
1122 3009 1235 3090 negari
1250 3013 1359 3090 potest
1380 3029 1439 3077 nos
1461 3010 1503 3077 ab

198 3135 358 3200 anonymo
379 3116 476 3202 longe
499 3115 701 3183 accuratiora
723 3113 850 3196 doceri,
883 3118 993 3179 tamen
1026 3113 1197 3178 dicendum
1227 3119 1277 3179 est
1310 3113 1505 3198 Hesychium

198 3221 338 3288 eandem
362 3239 431 3287 rem
453 3220 560 3288 verbis
584 3221 665 3287 satis
688 3217 833 3286 obscuris
855 3237 958 3301 neque
981 3218 1050 3284 sine
1073 3219 1221 3301 anonymi
1244 3219 1362 3286 auxilio
1377 3220 1504 3288 intelle·

197 3327 319 3414 gandia
342 3327 482 3392 madere.
536 3325 599 3392 Sed
623 3343 695 3391 cum
717 3326 864 3411 glossae,
895 3341 978 3406 quae
1000 3329 1075 3389 sunt
1096 3322 1236 3408 Σκιρίιης
1257 3323 1507 3411 Σταφολοδρόμοι

193 3432 417 3518 Στομροιτιοῖοι
440 3430 582 3496 Σοοοίτια
604 3431 638 3496 in
658 3431 761 3496 lexico
784 3429 982 3514 Segueriano
1005 3447 1078 3495 sese
1099 3429 1134 3494 in
1155 3427 1217 3495 fine
1247 3430 1378 3497 httarae
1400 3431 1424 3495 Σ
1449 3451 1502 3500 ex·

194 3538 333 3622 oipiant
357 3538 472 3606 eadam
493 3538 620 3605 ratione
643 3555 706 3618 qua
728 3537 762 3601 in
783 3533 846 3601 fine
868 3535 999 3601 litterae
1023 3533 1046 3598 Γ
1069 3535 1212 3620 γόργυροι
1235 3535 1369 3621 γέροντες
1392 3561 1504 3622 γυμνο-

201 3644 309 3708 παιδίοι
329 3645 419 3711 iuxta
441 3646 609 3731 leguntur,
642 3641 727 3708 ultro
750 3659 785 3707 se
810 3639 905 3706 offert
927 3641 1111 3707 coniectura
1141 3641 1201 3706 has
1228 3661 1325 3709 voces
1345 3662 1408 3711 una
1432 3663 1504 3712 cum

203 3749 525 3834 interpretationibus
547 3748 588 3816 ab
612 3765 768 3832 anonymo
791 3765 809 3812 a
830 3744 933 3812 lexico
956 3764 1028 3812 esse
1051 3746 1248 3830 desumptas,
1272 3748 1305 3813 in
1326 3767 1388 3830 quo
1406 3767 1502 3816 roca·

204 3853 280 3924 bula
301 3875 355 3923 res
377 3856 554 3924 Laconicas
577 3853 760 3937 spectantia
791 3852 968 3934 separatim
998 3870 1018 3916 a
1051 3851 1169 3918 ceteris
1203 3851 1323 3919 fuerint
1355 3855 1501 3922 collecta.

205 3965 309 4046 Atque
332 3980 507 4046 anonymus
530 3961 676 4044 quidem,
710 3978 780 4026 cum
813 3960 941 4044 glossas
971 3975 1028 4024 eas
1058 3957 1134 4024 inde
1154 3963 1339 4041 repeteret,
1372 3961 1503 4028 minime

204 4086 321 4150 parcus
343 4067 405 4134 fuit
425 4067 460 4131 in
482 4065 695 4148 explicatione
719 4064 845 4146 etipsa
875 4062 1120 4146 transferenda,
1154 4068 1266 4129 contra
1294 4063 1328 4129 in
1351 4064 1504 4148 Hesychii

202 4175 305 4242 lexico
329 4191 433 4254 neque
462 4172 591 4258 glossae
623 4187 733 4238 omnes
767 4187 847 4252 quas
881 4187 1055 4252 anonymus
1085 4166 1185 4236 habat
1207 4175 1380 4252 supersunt
1401 4190 1504 4255 neque

203 4280 312 4348 exeis
335 4297 417 4360 quaa
440 4282 551 4344 emant
573 4275 804 4358 explicationes
826 4294 937 4341 uocum
960 4275 1170 4359 οιεμμοτιαῖοι
1201 4281 1236 4341 et
1264 4278 1507 4362 οτοφολοδρόμοι

203 4385 389 4454 foedissime
412 4383 580 4450 mutilatae
603 4387 725 4449 certum
753 4380 906 4446 iudicium
938 4381 1113 4448 admittunt
1124 4380 1157 4461 ¹).
1216 4383 1261 4447 At
1291 4387 1400 4449 tamen
1428 4383 1505 4451 licet

277 4626 304 4695 1)
322 4623 410 4679 Plane
428 4619 601 4678 desideratur
620 4619 648 4674 in
666 4618 804 4690 Hesychio
824 4616 972 4686 explicatio
992 4617 1065 4673 vocis
1084 4616 1201 4685 συσσίτια,
1230 4617 1285 4674 nisi
1303 4619 1376 4676 forte
1395 4627 1505 4679 conten·

205 4719 250 4770 tua
268 4713 324 4769 eris
342 4712 457 4782 glossis:
477 4709 647 4766 abaciaco·
667 4710 765 4784 ἄριστον
783 4707 856 4782 bada
869 4706 1028 4762 ouaacbiouad
1039 4727 1085 4762 τινι
1097 4713 1125 4762 at
1138 4706 1281 4780 φιδίτια·
1300 4712 1418 4766 συσσίτια.
1450 4711 1504 4769 Sed

206 4801 339 4872 doctrina,
368 4819 448 4872 quam
466 4801 560 4858 hausit
577 4816 727 4872 anonymus
745 4815 761 4854 a
779 4799 867 4856 lexico
886 4799 943 4867 illo,
963 4805 1103 4867 comparet
1120 4799 1150 4854 in
1167 4795 1206 4850 Ε0
1219 4797 1264 4853 Μ0
1286 4808 1315 4856 at
1330 4801 1430 4858 Photio
1448 4818 1505 4858 av.

206 4893 331 4962 σοσσιτίαι,
350 4907 512 4963 quamquam
532 4892 576 4947 his
596 4905 703 4962 quoque
722 4889 768 4946 ille
787 4888 961 4960 praeferatur
972 4904 1083 4946 necessa
1100 4897 1150 4946 est.
1165 4922 1193 4932 --
1215 4890 1309 4961 Neque
1322 4898 1399 4948 extat
1410 4892 1505 4964 glossa
