3814 5370
874 379 914 439 63

330 557 380 617 68.
427 548 588 619 Ταλῶς·
623 547 755 631 ὁῆλιος.
815 546 904 612 Haec
927 548 1035 628 glossa
1058 546 1279 612 videturesse
1302 546 1386 612 inter
1409 547 1546 612 Laconi·

244 676 302 724 eas
325 655 498 722 referenda
519 657 654 736 propter
675 652 778 718 locum
802 651 983 718 Pausaniae
1005 651 1053 716 lIl
1076 655 1126 728 20,
1151 655 1187 715 5:
1217 649 1307 734 ’il-ape
1333 648 1365 714 δὲ
1388 655 1439 714 τοῦ
1462 649 1545 716 Ταϋ-

243 763 330 844 γέτου
355 757 483 825 Ταλετὸν
508 755 581 843 ὑπὲρ
605 756 746 843 Βρυσεῶν
782 756 892 842 ἀνέχει.
937 755 1046 840 ταύτην
1066 753 1176 818 Ἥλίοο
1210 758 1348 820 καλοῦσιν
1382 754 1460 841 ἱεράν
1485 758 1545 820 κτὲ.

247 871 351 949 Atque
376 883 574 949 quocumque
606 867 702 945 pacto
733 881 804 928 eum
838 881 915 928 voce
938 860 1045 934 Ταλῶς
1081 880 1153 926 esse
1187 863 1440 943 coniungendam
1462 863 1547 928 Ioula

248 991 433 1058 cognomen,
456 969 541 1052 quod
563 968 682 1046 legitur
703 967 736 1032 in
758 967 967 1049 inscriptione
993 967 1084 1032 rcak
1106 987 1126 1032 a
1147 967 1192 1031 Le
1214 968 1310 1031 Baaio
1334 968 1472 1033 collecta
1495 974 1544 1032 at-

250 1097 310 1160 que
334 1098 354 1142 a
376 1074 548 1142 Fouca1tio
571 1072 658 1138 edita
681 1070 887 1154 Ταλετίταςῑ),
911 1073 1061 1138 Foueart.
1083 1069 1296 1152 probabiliter
1318 1072 1465 1154 coniecit,
1485 1073 1544 1136 im-

246 1183 359 1264 primis
383 1179 423 1244 ob
444 1180 552 1244 Iovem
574 1176 721 1242 Ταλλαῖον
755 1177 787 1242 in
820 1177 918 1244 Orata
941 1177 1061 1242 cultum
1071 1174 1096 1259 2)
1133 1176 1186 1258 (cf.
1210 1176 1287 1241 Hes.
1311 1194 1336 1242 s.
1353 1196 1382 1241 ν.
1405 1174 1546 1248 Ταλαιὸς.

251 1286 329 1352 CJG
353 1290 456 1364 2554,
493 1285 731 1349 laeetana.
785 1281 964 1366 Rhaugabd
986 1282 1060 1346 Ant.
1088 1281 1203 1346 hellen.
1226 1285 1334 1363 2476).
1378 1283 1448 1348 Iam
1470 1302 1547 1349 uero

253 1396 342 1456 extat
365 1391 473 1474 glossa
495 1387 699 1470 Hesychiana
721 1386 922 1470 Ταλαιδίτης·
959 1385 1039 1468 ἀγὼν
1063 1386 1216 1469 γυμνικός,
1252 1404 1333 1468 quae
1363 1387 1425 1453 hae
1448 1388 1549 1468 scrip-

253 1500 327 1560 tura
350 1493 492 1560 ordinem
514 1489 590 1556 κατὰ
613 1492 757 1577 στοιχεῖον
782 1489 901 1556 turbat.
946 1492 1061 1572 Itaque
1084 1491 1111 1556 si
1124 1490 1319 1556 Schmidtius
1341 1496 1430 1558 recte
1445 1494 1549 1573 suspi-

256 1605 349 1665 catur
380 1598 574 1681 Hesyebium
607 1596 762 1679 scriptum
792 1595 951 1661 invenisse
974 1593 1086 1666 Ταλεός
1108 1614 1167 1676 pro
1190 1592 1319 1666 Ταλαιὸς
1340 1631 1384 1642 -
1406 1597 1439 1661 id
1463 1598 1547 1678 quod

253 1703 420 1786 probabile
443 1705 590 1768 duco-
611 1721 674 1768 non
698 1699 917 1766 dubitabimus
948 1700 1088 1782 glossam
1110 1701 1286 1781 proximam
1318 1700 1360 1765 ad
1384 1703 1547 1783 exemplar

252 1809 469 1890 inscriptionis
492 1808 672 1872 Laconicae
705 1806 878 1871 minatam
901 1805 1037 1872 formam
1066 1805 1256 1887 restituere,
1294 1811 1329 1870 ut
1351 1804 1549 1872 scribamus:

252 1912 494 1997 Ταλετίτης·
518 1912 599 1993 ἀγὼν
623 1911 770 1994 γυμνικός.
817 1911 887 1988 Qua
910 1911 942 1974 in
964 1929 1001 1976 re
1023 1909 1052 1974 si
1074 1927 1136 1974 non
1159 1909 1259 1974 falsus
1282 1908 1345 1988 1111,
1367 1910 1401 1975 id
1424 1929 1549 1992 quoque

251 2019 327 2084 licet
351 2023 530 2099 autumare,
554 2016 647 2081 ludos
658 2015 741 2097 illos,
765 2015 818 2097 qui
836 2035 855 2080 a
872 2014 1076 2100 locol'eleap
1098 2020 1428 2098 nomenacceperunt,
1451 2015 1552 2083 luisse

249 2124 281 2187 in
306 2124 460 2187 honorem
482 2121 566 2186 Iovis
591 2118 735 2186 Ταλετίτα
758 2119 941 2186 celebratos
964 2141 983 2186 a
1006 2120 1183 2202 Spartanis.

341 2233 391 2293 69.
427 2225 473 2310 Τρ
484 2227 523 2310 ιή
534 2252 554 2309 ρ
564 2249 578 2288 ε
587 2249 602 2310 ρ
612 2250 626 2287 ο
638 2247 670 2297 ς·
695 2224 888 2310 Θεσμοφόρια
903 2223 958 2289 ὑπὸ
972 2224 1128 2289 Λακώνων
1150 2224 1285 2305 (Musur.
1295 2225 1445 2297 Λακώνεις
1456 2227 1552 2312 cod).

342 2331 383 2396 cl.
406 2331 557 2397 Welcker
578 2332 598 2396 l.
623 2349 649 2396 c.
672 2350 704 2412 p.
728 2335 800 2395 507.

341 2443 391 2502 70.
437 2434 636 2521 Τριῶλοιξ·
662 2435 743 2517 ἀγὼν
767 2433 923 2519 παρθένων
948 2434 1069 2518 δρόμου.
1116 2433 1157 2499 cf.
1181 2433 1343 2498 6.1.νέοιι.

340 2548 391 2606 71.
437 2538 656 2626 Τορβοισία·
679 2544 778 2624 χορῶν
803 2539 908 2622 ἀγωγή
932 2562 974 2610 τις
998 2538 1230 2623 διθυραμβικῶν.

340 2647 390 2709 Ad
413 2645 589 2725 Spartanos
611 2645 775 2726 pertinere
798 2643 880 2709 hane
903 2644 1045 2728 glossam
1067 2646 1159 2724 patet
1183 2660 1222 2706 ex
1243 2641 1323 2706 Poll.
1344 2642 1390 2707 IV
1415 2648 1492 2708 104:
1515 2644 1551 2728 ἦν

258 2746 291 2809 δέ
312 2769 376 2810 τινα
398 2745 447 2810 καὶ
470 2745 637 2811 Λακωνικά
658 2749 818 2834 ὀρχήματα
840 2783 881 2794 -
894 2783 983 2794 —-
1000 2745 1160 2831 τορβασίαν
1184 2747 1210 2808 δ’
1234 2744 1357 2810 ἐκάλουν
1378 2745 1410 2809 τὸ
1434 2747 1556 2834 άρχηρα

257 2851 290 2916 τὸ
315 2854 537 2939 ὃιθοραρβικόν.

342 2964 393 3024 72.
434 2956 702 3043 ‘laetaniam
736 2956 823 3042 ἑορτὴ
855 2957 884 3019 ἐν
908 2955 1114 3041 Λακεδαίμονι
1138 2953 1370 3038 <Ἀπάλλωνος
1392 2954 1429 3019 τά
1452 2956 1555 3021 ὑακίν-

256 3064 309 3126 baa
342 3069 431 3129 recte
454 3082 471 3128 e
494 3063 612 3148 glossis
635 3063 787 3144 proximis
813 3063 875 3127 huc
904 3061 1044 3126 retrahit
1067 3061 1278 3140 Schmidtius,
1314 3060 1428 3142 quibus
1451 3063 1554 3128 addas

256 3165 315 3232 ἀπὸ
334 3165 497 3231 Ὑακίνθου
531 3164 916 3252 501131Ἢλακάτεια>
951 3165 991 3231 cf.
1015 3167 1131 3231 Athen.
1154 3165 1200 3232 IV
1222 3185 1253 3247 p.
1279 3172 1338 3232 139
1362 3168 1401 3232 D.
1447 3170 1555 3251 οεμνά-Ι

256 3296 342 3343 τατος
365 3271 445 3354 ἀγὼν
467 3277 525 3335 τῶν
545 3269 726 3334 Ὑακινθίων
749 3272 869 3356 legitur
891 3271 924 3336 in
948 3270 1024 3336 OJG
1046 3271 1062 3336 I
1086 3275 1177 3335 1440.

344 3383 394 3443 73.
437 3372 670 3439 Ὓαλκάὸαι·
692 3373 782 3459 χορὸς
804 3374 929 3458 παίδων,
952 3372 1108 3446 Λάκωνες.

345 3488 396 3547 74.
442 3477 585 3545 Φλοιά·
608 3478 660 3563 τὴν
685 3477 786 3564 Κόρην
808 3478 860 3563 τὴν
885 3477 954 3542 θεὸν
979 3480 1056 3543 οὕτω
1078 3481 1204 3542 καλοῦσι
1226 3477 1380 3550 Λάκωνες.

341 3588 505 3666 Phloeam,
529 3605 622 3668 quam
644 3584 795 3650 Liberam
819 3604 890 3650 esse
912 3585 989 3665 vult,
1013 3587 1177 3670 coniungit
1199 3605 1271 3652 cum
1294 3587 1434 3669 Dionyso
1448 3587 1552 3672 Φλοίῳ

256 3690 436 3758 Lobeckius
459 3695 559 3759 rhem.
583 3713 614 3775 p.
638 3699 688 3758 31.
734 3691 891 3777 Aglaoph.
915 3712 946 3773 p.
969 3698 1031 3758 462
1056 3711 1086 3757 n.

347 3801 395 3860 75.
442 3796 713 3883 Χαλκηδάνη·
736 3796 845 3881 ταύτης
868 3795 944 3882 ἱερὸν
968 3796 997 3860 ἐν
1021 3795 1154 3882 Σπάρτῃ.

344 3900 569 3968 Schwenckius
603 3904 698 3986 (llus.
721 3904 823 3968 Rhen.
846 3903 925 3966 XIII
946 3920 977 3983 p.
1004 3903 1078 3984 146)
1108 3904 1168 3968 hac
1197 3903 1249 3968 via
1272 3903 1411 3985 glossam
1434 3905 1553 3968 sensim

259 4011 443 4086 corruptam
466 4025 537 4072 esse
556 4005 749 4074 arbitratur:
772 4009 871 4094 χαλκη
891 4009 964 4091 bova
978 4037 1018 4060 =
1030 4009 1139 4092 χαλκι.
1156 4055 1162 4068 .
1178 4005 1334 4071 ..ΔΛΝΗ
1348 4027 1387 4072 ex
1400 4008 1449 4072 A.
1466 4006 1556 4072 HNA

332 4304 359 4371 1)
378 4304 547 4359 Cumanudea
566 4301 705 4377 (Ἀθήναιον
724 4303 737 4358 I
755 4321 782 4373 p.
802 4307 866 4374 257)
893 4307 988 4361 attulit
1006 4307 1090 4362 verba
1108 4307 1277 4375 Pausaniae,
1304 4323 1319 4362 e
1338 4308 1435 4377 quibua
1455 4325 1553 4377 eogno-

139 4407 148 4414 ·
258 4392 324 4447 mini
342 4395 414 4448 Iovis
432 4395 519 4449 lucem
539 4394 701 4449 affunderet.

329 4485 357 4551 2)
377 4485 594 4539 adscribendum
613 4491 656 4539 est
674 4484 813 4552 siugulure
832 4484 956 4540 scholion
975 4486 1147 4540 Platonicum
1165 4486 1209 4555 (de
1227 4487 1279 4554 leg.
1298 4487 1312 4541 1
1330 4504 1357 4556 p.
1372 4490 1424 4541 624
1436 4487 1484 4557 Β);
1504 4489 1555 4558 ἐρέ-

260 4591 315 4625 νετο
334 4574 377 4626 καὶ
394 4573 492 4628 ποάτων
512 4571 675 4643 (6611.11·Ἰίνω
694 4575 737 4629 καὶ
752 4571 961 4644 Ῥαδαμάνθυος)
987 4575 1069 4647 τρίτος
1087 4575 1207 4648 ἀδελφάς,
1226 4574 1331 4641 Τάλως,
1357 4578 1384 4636 ὃς
1402 4577 1433 4649 δὴ
1455 4577 1556 4636 ἔνοπλος

258 4663 306 4733 τὴν
325 4659 431 4736 Κρήτην
450 4667 566 4738 περιιέναι
584 4671 701 4738 φρουρῶν
720 4664 825 4735 ἐλέγετο.

330 4755 357 4821 3)
376 4753 490 4809 Glossae
505 4752 663 4813 Ὑακινθίδας
680 4753 826 4823 Hesychii,
844 4752 925 4807 ΕῑΜἰ
950 4753 1035 4824 (apud
1050 4755 1199 4826 Millerum)
1224 4756 1453 4825 Harpocrationis
1471 4757 1557 4823 perti-

259 4848 324 4895 nent
343 4840 378 4894 ad
401 4845 604 4899 Atheniensium
622 4843 782 4912 religionem
800 4842 835 4898 cf.
854 4843 965 4898 Suidam
984 4859 1040 4899 av.
1059 4844 1186 4918 παρθένοι.
