3814 5370
893 378 913 438 7

252 549 359 633 aliquo
382 548 477 614 modo
500 547 677 614 cohaerere
699 545 836 629 primum
857 546 968 629 prodit
989 545 1069 612 ordo
1092 547 1293 633 singulorum
1317 551 1474 633 capitum,
1504 551 1559 634 qul

252 655 324 722 loco
345 653 459 720 ultimo
482 656 616 733 excepto
639 649 726 716 idem
748 650 834 732 apud
858 656 1028 733 utrumque
1052 656 1111 718 est.
1158 652 1283 720 Deinde
1299 660 1406 721 autom
1421 674 1504 738 quae
1526 657 1560 722 in

252 760 358 842 capite
392 763 431 823 13
471 756 643 823 tractando
682 755 748 822 iam
788 755 928 822 animum
958 754 1151 823 advertebat
1183 757 1360 825 similitudo
1389 759 1559 827 verborum

252 863 285 928 in
307 866 460 944 excerpto
483 865 581 943 atque
593 860 768 926 Plutarcho
791 860 974 940 conspicua,
999 860 1113 926 eadem
1135 863 1279 928 cernitur
1299 864 1332 929 in
1350 863 1415 930 illis
1433 883 1559 947 quoque

250 965 410 1049 capitibus
431 966 528 1032 modo
551 983 623 1031 cum
645 983 703 1030 suo
735 964 875 1045 quidque
904 965 976 1030 loco
998 964 1191 1032 Plutarcheo
1225 966 1383 1034 conferas.
1443 970 1559 1051 Itaque

250 1071 277 1138 si
301 1090 379 1137 vera
402 1076 479 1137 sunt
499 1087 583 1153 quae
606 1069 757 1152 exposui,
781 1067 890 1135 locere
912 1088 975 1134 non
998 1087 1177 1153 possumus,
1201 1071 1277 1152 quin
1299 1073 1406 1140 omnia
1427 1074 1485 1141 illa
1506 1093 1560 1141 ca·

250 1175 321 1257 pita
351 1176 439 1241 exB
472 1173 603 1240 fluxisse
636 1174 865 1239 existimemus.
923 1173 1002 1239 Tum
1039 1193 1115 1241 vero
1139 1181 1195 1241 aut
1218 1176 1411 1244 Plutarchus
1435 1197 1560 1261 quoque

251 1278 396 1346 indidem
417 1279 451 1345 in
473 1278 540 1344 vita
562 1277 700 1360 Lycurgi
722 1275 895 1344 scribenda
922 1278 1047 1361 hausit,
1082 1284 1139 1344 aut
1173 1277 1256 1345 liber
1285 1281 1340 1346 ille
1369 1282 1425 1364 qui
1456 1282 1559 1350 adhuc

253 1384 333 1449 mihi
356 1384 382 1448 B
405 1383 514 1465 audit,
553 1389 605 1448 est
625 1383 698 1463 ipsa
720 1382 886 1448 Plutarchi
909 1383 977 1447 vita
1000 1383 1149 1467 Lycurgi.
1205 1383 1290 1450 Illud
1312 1404 1421 1451 verum
1443 1392 1560 1468 putant

253 1489 398 1555 homines
421 1488 518 1569 docti,
542 1491 771 1568 praeterquam
794 1485 878 1568 quod
893 1487 1018 1568 reliqua
1036 1488 1163 1568 pariter
1184 1488 1425 1555 ‘institutorum'
1450 1492 1559 1572 capita

253 1593 366 1659 eodem
390 1591 472 1657 libro
495 1591 728 1672 comprehensa
750 1589 851 1656 fuisse
874 1595 1017 1680 censent,
1040 1591 1073 1656 id
1098 1591 1183 1673 quod
1199 1611 1262 1659 non
1277 1599 1366 1659 recte
1381 1594 1561 1660 existimari

252 1697 390 1764 ostendi.
448 1698 518 1762 lam
541 1715 614 1761 cum
636 1695 715 1762 mihi
737 1713 776 1760 ex
798 1695 973 1761 Plutarcho
995 1695 1052 1761 illa
1074 1697 1182 1777 capita
1206 1697 1377 1778 desumpta
1409 1717 1481 1764 esse
1513 1698 1561 1764 vi·

254 1803 403 1884 deantur,
425 1805 501 1866 utra
525 1799 633 1881 opinio
657 1799 701 1865 sit
723 1797 931 1880 probabilior,
954 1817 1037 1865 nunc
1060 1798 1236 1885 diligenter
1258 1820 1461 1883 quaeramus.
1487 1839 1525 1850 -

337 1905 425 1973 Nota
448 1904 578 1987 quidem
600 1909 651 1970 est
673 1903 838 1970 Plutarchi
862 1903 1077 1986 consuetudo,
1111 1923 1128 1968 e
1152 1922 1215 1985 qua
1248 1905 1281 1970 in
1314 1906 1390 1972 vitis
1421 1906 1561 1973 virorum

250 2011 424 2078 illustrium
447 2008 638 2075 enarrandis
661 2008 852 2090 scriptorem
875 2025 948 2074 eum
970 2027 1065 2089 quem
1089 2008 1278 2090 plerumque
1301 2010 1465 2091 sequitur,
1498 2029 1561 2078 non

251 2117 414 2194 nominat,
445 2113 497 2179 vel
519 2118 587 2179 tum
610 2111 739 2178 demum
762 2130 834 2177 cum
858 2112 941 2177 alius
963 2112 1130 2178 cuiusdam
1152 2112 1290 2178 hominis
1313 2115 1508 2181 sententiam
1531 2115 1578 2189 oi,

254 2219 397 2302 opponit.
442 2217 554 2298 Neque
580 2235 653 2282 vero
674 2216 779 2282 minus
802 2221 912 2283 notum
936 2220 997 2298 est,
1020 2216 1231 2283 Plutarchum
1249 2216 1391 2284 fontibus
1411 2220 1478 2285 suis
1499 2238 1562 2286 non

254 2325 302 2391 ita
325 2323 374 2390 uti
395 2326 432 2389 ut
453 2341 516 2388 non
538 2320 633 2387 modo
656 2339 710 2387 res
735 2320 793 2388 sed
815 2321 888 2402 ipsa
911 2320 1010 2386 verba
1033 2321 1108 2386 inde
1127 2320 1306 2388 transierat
1327 2323 1361 2388 in
1378 2341 1454 2390 suas
1468 2324 1563 2390 char·

251 2435 313 2495 tas.
374 2425 485 2493 Habet
508 2426 594 2492 enim
616 2425 711 2491 sicuti
735 2425 839 2507 quivis
873 2425 1015 2491 melioris
1037 2430 1134 2491 notae
1165 2426 1306 2508 scriptor
1336 2445 1428 2494 suum
1458 2446 1562 2512 genus

250 2532 389 2600 dicendi.
436 2530 507 2610 Qua
531 2530 571 2596 de
593 2549 630 2595 re
654 2547 725 2595 oum
748 2529 891 2596 dubitari
915 2535 1065 2612 nequeat,
1088 2529 1253 2597 Biontem
1273 2531 1463 2613 primarium
1474 2533 1562 2600 vitae

251 2639 441 2722 Lycurgeae
463 2655 527 2702 non
549 2634 650 2701 fuisse
674 2639 821 2717 apparet.
866 2634 978 2716 Neque
1002 2635 1086 2700 enim
1108 2633 1170 2700 fuit
1183 2636 1220 2719 B,
1243 2636 1379 2720 inquies,
1403 2635 1475 2702 lons
1496 2638 1563 2720 pri-

251 2743 373 2808 marius
394 2739 579 2822 Plutarchi,
613 2757 724 2805 nerum
758 2739 928 2805 occasione
958 2738 1037 2805 data
1065 2740 1126 2804 hoo
1156 2741 1207 2805 vel
1242 2740 1297 2805 illo
1320 2741 1390 2806 loco
1413 2746 1510 2822 prout
1531 2741 1562 2807 ei

251 2847 383 2929 placuit,
408 2864 447 2912 ex
468 2846 495 2910 B
518 2862 587 2910 rem
609 2844 750 2926 aliquam
767 2843 933 2925 amplexus
950 2849 1010 2923 est,
1034 2861 1117 2925 quae
1133 2862 1205 2910 cum
1219 2845 1306 2910 ultro
1322 2863 1358 2911 se
1376 2844 1560 2927 obtulisset,

252 2951 300 3018 eis
323 2969 405 3034 quae
429 2969 468 3016 ex
489 2948 579 3014 fonte
600 2948 754 3030 primario
777 2946 936 3014 fluxerant
959 2947 1001 3013 ab
1024 2967 1062 3014 eo
1094 2947 1297 3014 adiciebatur
1326 2949 1414 3015 nulla
1443 2948 1559 3017 verbo·

252 3074 323 3121 rum
356 3053 445 3120 facta
466 3054 655 3120 mutatione.
712 3052 750 3117 ld
781 3052 911 3134 quidem
941 3051 1028 3118 houd
1057 3070 1132 3118 raro
1167 3052 1285 3118 accidit
1317 3053 1351 3117 iu
1373 3053 1558 3122 Plutarcho.

256 3159 321 3226 Sed
343 3164 412 3224 tum
434 3158 463 3225 si
482 3177 546 3223 non
568 3175 684 3223 nomen
706 3156 813 3238 ipsum
835 3156 977 3223 auctoris
1000 3155 1095 3224 effert
1117 3175 1135 3222 c
1158 3174 1221 3238 quo
1236 3156 1388 3241 pendeat,
1411 3163 1560 3240 atquan·

251 3270 320 3331 tum
343 3263 436 3329 video
460 3268 549 3329 certe
572 3261 701 3343 λέγουσι,
725 3260 853 3343 λέγεται,
879 3257 969 3346 φασὶν
992 3261 1043 3327 vel
1066 3260 1126 3326 tali
1141 3261 1248 3344 aliquo
1264 3262 1485 3328 additamento
1499 3281 1555 3329 no-

251 3369 301 3434 bis
323 3368 446 3434 indicet
470 3367 607 3433 alienam
631 3384 704 3432 esse
726 3365 956 3432 narrationem.
1000 3367 1116 3448 ltaque
1139 3366 1240 3431 multo
1258 3367 1364 3450 magis
1380 3366 1554 3434 miraturus

251 3492 296 3554 es,
319 3473 419 3539 toties
441 3473 475 3536 in
498 3472 565 3537 vita
579 3470 720 3556 Lycurgi
742 3471 950 3537 Plutarchum
973 3470 1078 3536 aliena
1099 3468 1199 3537 uerba
1218 3469 1456 3537 describentem
1468 3471 1557 3538 freu-

249 3579 324 3644 dem
345 3577 463 3644 fecisse
486 3575 614 3641 nomine
637 3575 780 3641 auctoris
800 3593 966 3657 oppresso,
989 3609 1033 3622 -

336 3682 427 3748 Haec
449 3680 549 3763 igitur
571 3686 607 3746 ut
629 3679 855 3745 commendant
878 3679 1074 3744 sententiam
1097 3696 1192 3761 quam
1222 3697 1321 3761 supra
1343 3697 1414 3745 sum
1435 3679 1560 3761 proles·

253 3805 324 3871 sus,
358 3787 407 3853 ita
437 3803 478 3852 ne
501 3791 683 3866 temporum
705 3783 835 3866 quidem
856 3784 1000 3850 rationes
1023 3783 1054 3848 ei
1077 3782 1300 3850 adversantur.
1356 3783 1449 3849 Licet
1473 3783 1559 3850 enim

252 3911 362 3958 verum
379 3890 565 3975 Fluegelius
587 3889 715 3968 viderit,
740 3888 890 3972 everbis,
913 3907 996 3970 quae
1021 3893 1164 3954 extremo
1188 3887 1428 3954 ‘institutorum'
1452 3888 1558 3972 capite

252 4001 293 4063 42
316 3999 485 4082 leguntur:
509 3995 551 4076 (οἱ
574 3991 608 4056 δὲ
621 3992 874 4077 Λακεδαιμόνιοι)
897 3994 939 4064 εἰς
963 3991 1098 4056 δούλειαν
1123 3992 1305 4078 μετέστησαν
1327 3989 1390 4054 καὶ
1413 3996 1477 4056 νῦν
1502 3991 1558 4056 ὑπὸ

247 4098 420 4186 Ῥωμαίοις
442 4096 581 4183 καθάπερ
612 4099 640 4161 οἱ
672 4095 759 4160 ἄλλοι
779 4089 929 4182 Ἕλληνες
958 4098 1092 4181 ἐγένοντο
1126 4115 1285 4180 apparere
1318 4101 1410 4163 ratus
1441 4097 1558 4164 librum

250 4207 423 4288 depastum
445 4204 551 4269 medio
578 4201 648 4268 lere
678 4202 1050 4269 cacostomacha.
1083 4202 1293 4284 compositum
1324 4219 1415 4285 esse,
1448 4207 1559 4268 tamen

250 4310 325 4376 inde
348 4309 429 4375 nihil
450 4306 613 4374 redundat
628 4307 670 4373 ad
686 4313 832 4388 tempora
855 4309 1052 4388 excerptoris
1073 4306 1264 4385 definienda,
1286 4306 1405 4372 nedum
1427 4306 1469 4372 od
1485 4325 1558 4373 eam

251 4415 474 4498 quaestionem
496 4411 680 4478 solvendam
704 4412 755 4478 cui
777 4412 915 4494 tempori
937 4411 1038 4489 liber,
1063 4431 1158 4495 quem
1180 4417 1312 4493 praeter
1333 4412 1422 4477 illum
1446 4411 1501 4494 (A)
1524 4411 1558 4476 in

172 4559 175 4565 ·
250 4518 394 4586 lontibus
417 4517 617 4599 excerptoris
638 4515 740 4583 luisse
765 4516 984 4582 demonstravi
1007 4517 1051 4585 sit
1083 4516 1316 4601 adsignandus.
1370 4516 1487 4598 Aliqua
1517 4533 1558 4581 ex

250 4629 344 4705 parte
376 4627 485 4688 actum
518 4626 606 4686 esset
636 4619 677 4687 de
699 4621 760 4686 hac
784 4621 972 4704 quaestione
1004 4622 1032 4688 si
1055 4621 1248 4687 Plutarchus
1280 4619 1416 4686 eundem
1439 4617 1557 4686 librum

251 4727 463 4794 adhibuisset.
508 4725 635 4792 ldvcro
656 4726 798 4792 nondum
820 4725 1074 4798 demonstratum
1098 4731 1150 4793 est
1172 4745 1210 4791 ac
1233 4743 1347 4791 vereor
1369 4729 1406 4790 ut
1428 4725 1556 4791 omnino

253 4833 357 4914 possit
379 4831 606 4898 demonstrari.
659 4831 858 4914 Quamquam
881 4830 986 4900 adhuc
1008 4831 1162 4898 creditur.
1217 4828 1306 4896 Nihil
1328 4829 1427 4912 igitur
1448 4827 1557 4912 proie-
