3814 5370
867 393 884 455 5

232 567 299 648 pite
323 565 365 650 11,
390 571 407 630 5
430 567 673 647 promanarunt.
733 562 797 630 Sed
831 561 1021 628 offendimus
1056 561 1088 627 in
1111 561 1219 630 verbis
1245 561 1339 650 βάθος
1361 562 1410 627 καὶ
1434 553 1545 637 πλάτος

230 672 484 753 Xenophonteae
506 669 685 735 narrationi
706 669 902 734 intermixtis
926 687 963 734 ac
986 685 1118 750 prorsus
1138 674 1325 750 stupeamus
1339 689 1473 736 necesse
1493 676 1544 737 est

232 776 474 842 considerantes
498 792 581 855 quae
613 779 800 855 sequuntur.
857 773 905 836 lix
935 772 1085 854 opinione
1116 773 1242 858 vulgari
1276 775 1543 856 acquiescendum

231 881 323 947 nobis
346 885 397 947 est
418 881 452 945 in
475 897 531 962 eo,
566 884 602 945 ut
625 878 704 943 haec
727 878 831 958 ipsum
854 896 893 943 ex
922 896 980 943 suo
1010 877 1140 962 ingenio
1163 896 1285 960 suaque
1307 898 1416 946 rerum
1438 881 1540 946 Laco·

230 989 375 1052 nicarum
398 984 580 1067 cognitione
603 982 767 1048 addidisse
791 983 935 1048 dicamus
959 988 1125 1049 auctorem
1148 1002 1347 1065 anonymum.

317 1089 382 1156 Sed
404 1090 470 1155 iam
493 1089 690 1154 accessimus
713 1087 755 1153 ad
786 1105 943 1154 summam
975 1088 1214 1171 quaestionem,
1250 1088 1314 1153 iam
1348 1088 1540 1155 labefactari

230 1195 358 1261 videtur
381 1194 488 1276 opinio
511 1193 614 1259 adhuc
638 1192 765 1258 credita
789 1210 828 1256 eu
850 1211 912 1257 uno
936 1191 1103 1274 scriptoris
1122 1191 1257 1258 alicuius
1273 1211 1371 1274 opere
1388 1200 1542 1276 excerpta

232 1317 304 1366 esse
326 1299 478 1364 instituta
499 1297 669 1379 Laconica,
708 1315 790 1378 quae
813 1301 969 1362 tenemus.
1025 1297 1220 1382 Pergratum
1244 1298 1327 1362 enim
1351 1297 1480 1380 accidit,
1503 1304 1540 1364 ut

231 1403 331 1471 verba
353 1403 447 1468 huius
471 1404 510 1468 de
534 1421 595 1484 quo
626 1402 815 1468 disserimus
846 1401 981 1484 capitis,
1017 1421 1101 1483 quae
1132 1420 1196 1468 non
1230 1401 1272 1467 ad
1294 1401 1540 1484 Xenophontem

233 1514 289 1575 aut
311 1507 516 1573 Heraclidem
537 1511 674 1589 possunt
695 1506 850 1582 revocari,
875 1506 939 1571 alio
961 1511 1071 1571 tamen
1094 1507 1164 1572 loco
1181 1506 1299 1572 iterum
1316 1512 1392 1571 sunt
1406 1506 1539 1589 tradita,

231 1613 357 1679 scilicet
379 1613 412 1676 in
435 1610 601 1678 Plutarchi
623 1611 709 1676 vitae
731 1610 872 1696 Lycurgi
904 1629 973 1692 cap.
997 1610 1097 1676 XVII.
1150 1611 1279 1696 Tangat
1308 1611 1419 1678 oculos
1449 1611 1539 1677 simi-

232 1717 351 1784 litudo:

469 1821 549 1886 Inst.
577 1824 626 1886 13.
1129 1820 1213 1885 Plut.
1237 1821 1257 1886 l.
1283 1841 1309 1886 c.

275 1927 317 1998 εἰς
342 1923 435 2012 βάθος
458 1920 509 1986 καλ
531 1923 641 1996 πλάτος
666 1924 707 2009 μὴ
727 1925 870 2008 πιεζόμε-
946 1921 1003 1986 ὑπὸ
1026 1925 1161 2009 πλήθους
1182 1931 1295 2010 τροφῆς
1318 1925 1359 1997 εἰς
1376 1923 1470 2011 βάθος
1491 1922 1542 1988 καλ

230 2055 279 2094 νον
302 2067 354 2094 -.
399 2027 450 2093 καλ
465 2024 545 2092 καλά
563 2026 596 2091 δὲ
613 2029 724 2092 ποιεῖν·
747 2025 799 2099 τάς
812 2025 869 2112 γάρ
901 2027 1011 2101 πλάτος
1034 2030 1217 2112 πιεζόμενον.
1253 2027 1295 2092 Τδ
1315 2031 1342 2092 δ’
1359 2028 1430 2093 αὐτὸ
1454 2032 1541 2093 τούτο

232 2134 336 2223 ἰσχνάς
357 2134 409 2198 καὶ
432 2133 583 2205 διακένους
607 2132 679 2205 ἕξεις
710 2131 868 2197 ὑπακούειν
901 2130 951 2196 καὶ
967 2131 1076 2205 καλούς
1094 2135 1176 2197 δοκεῖ
1191 2136 1301 2197 ποιεῖν·
1324 2136 1355 2197 αἱ
1367 2132 1424 2219 γάρ
1441 2131 1541 2220 ἰσχναλ

232 2239 305 2325 πρὸς
327 2239 380 2326 τὴν
403 2237 602 2324 διάρθρωσιν,
637 2237 690 2310 τάς
720 2236 753 2301 δὲ
774 2240 869 2302 πολυ-
883 2222 886 2291 λ
900 2235 950 2300 καλ
973 2237 1104 2302 διάκενοι
1127 2241 1238 2322 μᾶλλον
1262 2238 1335 2310 ἕξεις
1353 2237 1538 2301 ὑπακούουσι

232 2346 359 2432 τρύφους
381 2342 431 2409 διά
454 2343 544 2431 βάρος
567 2345 750 2432 ἀντιβαίνειν.
901 2340 973 2427 πρὸς
995 2341 1048 2426 τὴν
1073 2341 1265 2429 διάρθρωσιν,
1290 2344 1320 2406 αἱ
1341 2341 1374 2406 δὲ
1394 2343 1539 2426 ὀγκώδεις

900 2443 950 2508 καλ
980 2445 1162 2532 πολύτροφοι
1201 2447 1251 2513 διά
1283 2445 1374 2534 βάρος
1404 2447 1540 2534 ἀντιβαί-

900 2575 1008 2614 vouotv.
1031 2587 1077 2600 -

317 2658 388 2723 Iam
421 2659 450 2724 si
481 2661 578 2740 caput
616 2661 653 2722 13
684 2656 907 2724 institutorum
929 2662 1115 2738 excerptum
1145 2662 1196 2723 est
1227 2677 1266 2722 ex
1288 2656 1371 2724 libro
1393 2663 1540 2740 tempore

159 2833 161 2837 ,
231 2761 339 2828 nescio
362 2781 424 2843 quo
448 2768 524 2827 ante
549 2762 606 2828 Ch.
630 2781 660 2826 n.
687 2763 726 2827 de
749 2761 847 2828 rebus
870 2761 1039 2826 Laconicis
1062 2761 1204 2844 scripto,
1237 2762 1269 2826 in
1292 2763 1465 2844 propatulo
1488 2767 1540 2828 eat

232 2866 393 2933 conclusio
415 2867 491 2932 inde
507 2866 666 2932 facienda.
705 2865 898 2932 Plutarchus
916 2883 1041 2947 quoque
1056 2864 1174 2930 librum
1185 2866 1275 2931 illum
1291 2867 1325 2930 in
1339 2884 1433 2932 usum
1447 2885 1540 2932 suum

234 2973 391 3038 convertit
403 2971 437 3057 ¹).
492 2971 557 3037 Sed
586 2971 702 3037 mirum
730 2970 876 3052 prolecto
912 2975 1089 3050 notatuque
1119 2975 1208 3035 certe
1238 2970 1372 3054 dignum
1408 2971 1538 3051 accidit,

234 3076 318 3157 quod
341 3076 530 3141 Plutarchus
562 3093 633 3141 cum
662 3075 696 3139 in
726 3073 940 3139 describenda
970 3073 1039 3138 vita
1061 3075 1203 3158 Lycurgi
1224 3074 1342 3140 librum
1365 3074 1537 3140 adhiberet

232 3181 266 3245 in
289 3199 350 3261 quo
372 3180 592 3261 Xenophontis
614 3179 771 3245 Herodoti
796 3179 931 3244 aliorum
953 3179 1158 3244 narrationes
1188 3180 1228 3244 de
1250 3177 1348 3244 rebus
1370 3179 1539 3244 Laconicis

232 3281 424 3366 compilatae
448 3290 549 3367 erant,
573 3285 648 3350 inde
672 3303 711 3350 ea
734 3289 860 3350 tantum
883 3284 1022 3368 elegisse
1044 3289 1194 3365 putatur,
1218 3303 1299 3365 quae
1324 3283 1364 3349 ab
1388 3285 1452 3349 illis
1475 3303 1539 3349 non

231 3390 494 3472 erantexposita.
540 3389 678 3455 Perinde
703 3408 741 3454 ac
765 3389 793 3454 si
815 3389 997 3470 auspicatus
1021 3394 1118 3468 esset,
1142 3388 1260 3454 librum
1280 3389 1372 3454 illum
1395 3393 1539 3454 aetatem

230 3513 295 3560 non
317 3514 389 3561 esse
412 3495 553 3560 laturum
575 3495 633 3559 aed
648 3493 791 3559 futurum
809 3512 892 3576 esse,
914 3499 951 3558 ut
968 3493 1058 3559 fraus
1072 3495 1242 3559 commissa
1257 3494 1385 3559 lateret.
1431 3493 1537 3558 Aliter

233 3601 317 3666 enim
339 3601 420 3665 haec
442 3617 496 3664 res
520 3599 674 3680 explicari
697 3598 817 3679 nequit.
871 3597 954 3662 Nam
977 3597 1005 3662 si
1030 3597 1101 3679 quis
1123 3598 1202 3662 mihi
1225 3597 1383 3676 obvertat,
1407 3599 1439 3661 in
1461 3597 1536 3662 Plu·

233 3705 338 3771 tarchi
363 3703 529 3770 enuntiato
553 3703 636 3784 quod
654 3703 759 3768 locum
783 3721 882 3784 supra
901 3701 1099 3783 adscriptum
1118 3702 1292 3781 antecedit,
1315 3702 1539 3783 Xenophontis

231 3810 369 3894 vestigia
391 3827 488 3890 posse
510 3809 650 3890 agnosci,
675 3805 848 3873 difficultas
872 3812 1011 3891 augetur
1032 3807 1139 3888 potius
1163 3825 1258 3887 quarn
1281 3806 1415 3871 tollitur.
1472 3805 1540 3870 Ne-

233 3932 294 3996 que
316 3919 424 3979 tamen
447 3932 531 3997 nego
553 3912 761 3978 Plutarchum
782 3912 1005 3992 Xenophontis
1039 3910 1122 3976 libro
1150 3910 1303 3976 nonnulla
1337 3909 1457 3976 debere
1480 3915 1537 3975 aut

232 4021 293 4085 hoc
313 4019 419 4100 ipsum
442 4017 642 4083 enuntiatum
666 4017 708 4082 ad
725 4017 970 4098 Xenophontem
994 4035 1065 4082 esse
1087 4014 1312 4081 revocandum.
1358 4014 1428 4080 Hoc
1452 4015 1537 4080 enim

231 4129 268 4190 ut
290 4123 463 4190 concedam
493 4128 600 4189 movet
626 4141 678 4187 me
705 4125 774 4186 tam
803 4121 973 4187 verborum
1005 4121 1184 4202 aliquorum
1213 4122 1387 4186 concentus
1411 4115 1473 4203 (καὶ
1497 4118 1538 4190 εἰς

233 4235 326 4314 μῆκος
357 4227 392 4291 dv
420 4225 601 4298 αὐξάνεσθαι
629 4227 710 4292 Xen.
735 4261 779 4273 -
811 4225 864 4310 τὴν
898 4222 1045 4309 σωμάτων
1079 4222 1210 4307 αὔξησιν.
1265 4223 1395 4308 Φέρεται
1416 4220 1473 4308 γάρ
1496 4223 1538 4294 εἰς

233 4340 327 4418 μῆκος
349 4334 433 4399 Plut.
457 4331 509 4416 τὴν
534 4329 787 4396 διαπλατύνουσαν
810 4328 951 4416 (τροφὴν)
974 4335 1016 4416 τῷ
1039 4329 1112 4415 σίτῳ
1141 4330 1222 4395 Xen.
1246 4365 1289 4376 --
1322 4326 1378 4391 ὑπὸ
1402 4327 1539 4412 πλήθους

231 4445 344 4524 τροφῆς
366 4438 408 4510 εἰς
432 4435 526 4524 βάθος
548 4435 598 4500 καὶ
620 4435 730 4507 πλάτος
752 4436 926 4518 πιεζόμενον
949 4437 1048 4518 Plut.)
1073 4454 1169 4517 quam
1191 4435 1304 4499 vocula
1321 4430 1395 4519 φασὶ
1417 4433 1450 4497 in
1463 4432 1538 4498 Plu·

232 4546 339 4611 tarchi
359 4544 468 4612 verbis
490 4544 622 4611 inserta.
680 4543 765 4609 Cave
788 4541 877 4608 dicas
901 4541 984 4625 quod
1007 4540 1174 4606 Plutarchi
1195 4539 1296 4606 verba
1318 4557 1382 4605 non
1403 4536 1541 4644 multum

304 4767 331 4839 1)
350 4767 528 4823 Plutarchum
547 4784 581 4824 ex
601 4767 738 4836 excerptis
757 4767 827 4835 ipsis
845 4765 972 4820 hausisse
991 4770 1054 4820 suut
1072 4765 1118 4833 qui
1144 4764 1308 4819 existiment.
1356 4761 1460 4816 Eorum
1479 4760 1537 4828 opi-

233 4857 341 4913 nionem
359 4858 499 4928 expressis
509 4857 601 4913 rerbis
611 4874 669 4913 non
680 4856 816 4912 refutabo.
845 4854 930 4911 Cedet
941 4855 1012 4910 enim
1025 4870 1087 4909 mox
1100 4869 1160 4908 curu
1171 4853 1221 4908 illa
1231 4852 1309 4909 modo
1323 4866 1391 4905 ame
1404 4849 1540 4924 exposita.
