3814 5370
970 327 1009 386 50

340 495 423 562 Nam
445 497 477 561 in
500 493 715 577 compluribus
738 493 891 577 Hesychii
920 496 1038 576 glossis
1061 493 1180 561 Sosibii
1217 495 1396 562 doctrinam
1431 497 1537 564 inesse
1571 519 1642 564 mox

340 600 473 683 patefiet
495 601 677 686 fragmenta
699 601 768 666 eius
791 598 831 666 ab
854 600 927 666 aliis
949 600 1162 683 scriptoribus
1183 608 1313 668 servata
1327 604 1548 684 perlustranti.
1584 605 1640 670 Vi·

342 707 459 772 delicet
482 726 554 773 cum
576 705 626 771 bis
648 712 781 788 praeter
802 706 942 788 glossam
964 707 1060 773 modo
1083 707 1280 790 descriptam
1301 727 1415 774 nomen
1439 709 1508 796 eius
1531 709 1645 776 inHe-

342 811 450 894 sychio
473 816 562 877 extet
585 812 624 895 (S.
638 831 667 876 v.
693 809 846 896 Περφίλα·
869 809 1016 896 Σωσίβιος
1038 809 1137 897 κύριον
1163 811 1258 897 ὄνομα
1280 818 1319 879 et·
1336 832 1402 879 Ι.1.
1427 811 1551 884 οάνδυξ·
1577 814 1645 880 δέν-

344 918 412 1002 δρον
435 916 610 1000 oppansae,
648 914 683 978 οὗ
705 913 737 978 τδ
761 913 852 988 άνίλος
874 913 979 1001 χροιάν
1002 917 1102 1002 κύκκιρ
1126 917 1241 1002 ἐμφερῆ
1265 915 1345 1003 ἔχει,
1369 920 1410 990 ὡς
1432 917 1589 1004 Σωσίβιος.
1624 922 1646 1002 ’ἡ

345 1019 501 1106 φάρμακον
526 1019 613 1106 ἱερὸν,
637 1017 687 1084 καὶ
708 1021 860 1106 κιβωτός),
883 1039 981 1104 ευριπ
993 1023 1056 1087 iam
1076 1022 1212 1087 vidimus
1236 1021 1348 1107 (pto)
1373 1041 1454 1104 quae
1466 1022 1647 1106 Hesychius

345 1145 370 1192 s.
392 1147 441 1192 vv.
463 1125 639 1190 detraheret
662 1131 759 1209 atque
782 1125 924 1197 Συιεατίς
953 1125 1053 1192 habet
1077 1147 1096 1192 a
1116 1125 1241 1193 Sosibio
1264 1133 1415 1192 enarrata
1438 1128 1537 1194 fuisse
1558 1133 1647 1194 teste

344 1232 512 1298 Athenaeo
539 1230 628 1316 (XIV
649 1251 680 1313 p.
705 1236 778 1298 621.
801 1232 850 1297 ΙΙΙ
871 1250 901 1312 p.
927 1237 968 1297 78
989 1230 1038 1317 G).
1091 1233 1215 1298 Deinde
1248 1231 1395 1298 conferas
1420 1251 1538 1314 quaeso
1561 1234 1649 1316 glos·

347 1355 401 1402 sas
426 1337 578 1419 Hesychii
601 1336 786 1422 δυρεατικοί·
817 1335 957 1422 στερανοί
978 1361 1053 1408 τινες
1075 1334 1156 1422 παρά
1179 1335 1431 1421 Λακεδαιμονίοις
1455 1357 1526 1404 cum
1549 1339 1649 1404 Athe-

346 1461 428 1509 naeo
452 1442 523 1524 (XV
545 1462 575 1524 p.
600 1447 662 1508 678
678 1443 738 1525 Β);
769 1442 846 1505 ούτω
868 1443 1028 1506 καλοῦνται
1050 1441 1190 1528 στεφανοί
1212 1465 1286 1514 τινες
1310 1437 1391 1527 παρὰ
1403 1443 1650 1527 Λακεδαιμονίοις

349 1549 390 1618 ὥς
412 1570 486 1638 φησι
507 1546 655 1633 Σωσίβιος
676 1547 706 1611 ἐν
736 1549 797 1620 τοῖς
828 1544 893 1632 περὶ
924 1547 1053 1624 δυοιῶν;
1088 1547 1241 1630 Hesychii
1269 1545 1426 1633 κριβάνας·
1463 1547 1648 1622 πλακοῦντάς

345 1675 425 1724 τινας
448 1671 520 1719 oum
540 1652 700 1718 Athenaei
721 1652 828 1719 verbis
851 1652 913 1736 (ΙΙΙ
943 1658 1003 1717 115
1021 1652 1079 1734 A):
1103 1651 1250 1736 Σωσίβιος
1274 1653 1300 1716 δ’
1322 1653 1352 1716 ἐν
1374 1651 1463 1738 τρίτῳ
1484 1649 1643 1739 περὶἈλκ-

349 1761 439 1842 μᾶκος
461 1754 602 1843 κριβάνας
633 1758 693 1841 (sio
717 1757 920 1824 scribendum
943 1756 1013 1822 coll.
1038 1757 1113 1822 xlv
1137 1763 1199 1822 646
1223 1758 1264 1837 Α)
1295 1755 1369 1843 φησὶ
1399 1757 1542 1840 λέγεσθαι
1571 1761 1644 1822 πλα-

352 1861 477 1934 κοῦντάς
498 1886 577 1934 τινας
598 1867 640 1948 τῷ
662 1864 794 1948 σχήματι
817 1863 1000 1947 μαστοειδεῖς
1030 1868 1062 1928 et
1086 1863 1174 1942 (XIV
1192 1864 1269 1945 646)
1291 1860 1442 1949 Κριβάνας
1465 1863 1648 1936 πλακοῦντάς

347 1992 426 2040 τινας
449 1969 651 2052 ὀνομαστικῶς
674 1964 893 2053 Ἀπολλόδωρος
907 1968 931 2051 ¹)
954 1967 1024 2052 παρ’
1047 1964 1192 2051 Ἀλκμᾶνι.
1227 1965 1363 2052 Ὁμοίως
1385 1965 1434 2032 καὶ
1448 1968 1596 2054 Σωσίβιος
1616 1971 1645 2032 ἐν

347 2073 435 2160 τρίτῳ
456 2071 523 2158 περὶ
534 2071 700 2155 Ἀλκμᾶνος.
747 2075 826 2139 Tum
848 2092 924 2139 vero
948 2092 987 2138 ea
1010 2091 1091 2154 quae
1116 2073 1285 2138 exSosibii
1306 2072 1399 2140 libris
1421 2080 1645 2156 provenerunt,

348 2178 462 2244 addita
484 2185 559 2244 sunt
582 2179 638 2262 eis,
663 2198 745 2261 quae
768 2179 808 2244 ad
832 2179 930 2244 alium
952 2184 1118 2244 auctorem
1140 2179 1278 2244 redeunt
1300 2197 1325 2244 s.
1338 2199 1367 2244 ν.
1390 2177 1568 2263 κοδύμαλον,
1592 2178 1647 2245 ubi

348 2283 447 2350 verba
469 2285 496 2346 οἱ
519 2281 552 2346 δὲ
574 2285 718 2347 κυδώνιον
735 2282 852 2348 Sosibii
877 2282 1122 2364 explicationem
1146 2284 1310 2348 continere
1334 2283 1429 2350 docet
1445 2283 1532 2350 idem
1544 2284 1645 2350 Athe-

347 2407 449 2454 naeus
481 2387 542 2472 (ΙΙΙ
571 2408 601 2470 p.
627 2394 665 2453 81
680 2389 739 2470 F),
774 2388 829 2469 qui
853 2388 1013 2453 Alcmanis
1035 2385 1218 2471 fragmento
1251 2389 1331 2471 μεῖον
1354 2391 1375 2472 ἢ
1397 2387 1560 2472 κοδύμαλον
1582 2389 1639 2452 od-

348 2493 497 2574 scripsit:
520 2489 772 2578 'riuohhddmpo;¹)
797 2489 830 2555 δὲ
851 2490 902 2554 καί
931 2490 1079 2577 Σωσίβιος
1114 2490 1147 2554 τδ
1179 2493 1322 2556 κυδώνιον
1362 2495 1455 2577 μῆλον
1493 2490 1636 2556 ἀκούουσιν

349 2634 390 2644 -
412 2616 515 2679 neque
538 2598 634 2663 aliter
656 2617 680 2663 s.
702 2618 731 2662 ν.
754 2595 894 2678 πυάνιον,
928 2616 946 2662 e
980 2597 1069 2663 ouius
1098 2598 1310 2678 explicatione
1344 2603 1380 2664 ut
1414 2599 1456 2664 ad
1489 2595 1640 2664 Sosibium

349 2701 448 2768 verba
470 2702 497 2766 οἱ
521 2699 554 2764 δὲ
574 2701 776 2787 πανσπερμίαν
799 2702 957 2789 ᾑρημένην
979 2703 1009 2766 ἐν
1032 2704 1134 2785 γλυκεῖ
1166 2721 1353 2770 revocemus
1376 2703 1564 2770 adducimur
1584 2701 1645 2766 ite·

351 2827 422 2872 rum
443 2807 602 2873 Athenaei
625 2808 694 2874 looo
718 2809 806 2888 (XIV
828 2828 857 2891 p.
882 2813 944 2874 648
966 2808 1018 2883 Β).
1072 2808 1121 2873 Ad
1144 2809 1224 2874 duos
1247 2808 1330 2874 enim
1354 2808 1517 2874 Alcmanis
1538 2824 1650 2872 versus

352 2912 613 2994 interpretandos
636 2913 780 2980 Sosibius
803 2914 963 2979 adscitur:
987 2911 1049 2976 ἔστι
1072 2910 1159 2976 δὲτὸ
1182 2911 1313 2994 πυάνιον,
1338 2915 1379 2984 ὥς
1402 2935 1477 2998 φησι
1488 2911 1647 2998 Σωσίβιος,

352 3016 541 3101 πανσπερμία
563 3018 593 3081 ἐν
616 3019 718 3100 γλυκεῖ
739 3018 926 3105 ἡψημένη).
971 3018 1117 3100 Denique
1140 3037 1222 3099 quae
1244 3017 1373 3083 suntin
1395 3017 1557 3100 Hesychio
1581 3036 1606 3084 s.
1622 3036 1651 3082 v.

351 3121 568 3206 γυμνοπαιδία,
605 3123 729 3188 Sosibio
761 3131 893 3189 auctore
922 3124 1044 3204 scripta
1079 3142 1150 3188 esse
1173 3123 1240 3188 veri
1273 3124 1376 3190 simile
1412 3122 1490 3188 mibi
1513 3123 1653 3188 videtur.

352 3227 390 3292 In
423 3228 486 3294 hec
515 3246 593 3292 voce
616 3228 810 3310 llesychinur
840 3247 912 3294 esse
944 3228 1155 3310 supplendum
1188 3228 1353 3292 ἀνεκδόπυν
1376 3228 1656 3294 Bckkerianorum

352 3332 470 3398 auxilio
494 3351 591 3413 supra
615 3333 658 3415 (p.
684 3334 737 3416 39)
761 3333 987 3399 demonstrari.
1033 3333 1123 3410 Quod
1147 3334 1175 3398 si
1198 3334 1313 3400 leceris
1336 3353 1375 3399 ea
1396 3333 1445 3398 ita
1466 3333 1657 3414 conspirant

356 3456 428 3503 cum
451 3438 498 3503 eis
521 3456 603 3519 quae
626 3439 811 3504 Athenaeus
835 3439 907 3521 (XV
929 3457 959 3519 p.
984 3439 1060 3520 678)
1095 3437 1220 3504 Sosibio
1251 3439 1415 3504 nominato
1447 3443 1578 3518 narrat,
1614 3441 1654 3502 ut

353 3543 441 3608 nulla
453 3562 506 3608 res
518 3541 635 3625 obstet,
660 3545 826 3625 quominus
842 3544 883 3609 ad
899 3544 1033 3610 eundem
1053 3544 1244 3624 scriptorem
1255 3543 1312 3609 illa
1324 3561 1449 3624 quoque
1463 3541 1655 3606 referamus.

443 3647 505 3713 Sed
530 3648 649 3714 diutius
671 3649 703 3713 in
725 3649 786 3714 hac
808 3668 886 3715 voce
916 3647 1008 3714 nobis
1039 3654 1089 3714 est
1122 3648 1389 3714 commorandum.
1445 3645 1527 3712 Num
1550 3645 1656 3728 Hesy-

356 3753 446 3819 chius
468 3771 531 3818 non
553 3754 656 3818 solum
680 3774 720 3819 ca
742 3759 855 3819 narrat
877 3773 959 3836 quae
983 3773 1022 3819 ex
1044 3755 1117 3818 aliis
1139 3753 1250 3818 lexicis
1273 3751 1436 3818 commode
1460 3754 1655 3834 augeantur,

356 3857 415 3923 sed
438 3858 536 3923 etiam
559 3859 633 3934 alia,
657 3877 739 3940 quae
763 3859 919 3924 cumillis
944 3863 1056 3940 aperte
1078 3864 1231 3940 pugnant.
1285 3855 1396 3937 Neque
1427 3860 1550 3920 temere
1573 3855 1657 3920 haec

356 3963 433 4027 licet
455 3981 623 4042 respuere3
647 3981 709 4026 non
733 3963 816 4026 enim
840 3969 951 4029 carent
974 3963 1166 4028 testimonio.
1214 3960 1397 4027 Audiendus
1418 3965 1469 4024 est
1481 3959 1658 4024 scholiasta

358 4067 502 4132 Platonis
525 4066 558 4130 in
580 4065 655 4130 libri
677 4066 717 4130 de
739 4067 800 4148 leg.
818 4069 833 4132 Ι
850 4087 881 4149 p.
902 4067 1001 4132 633ss
1023 4065 1123 4132 verba
1138 4065 1167 4128 ἕν
1190 4089 1222 4128 τε
1243 4067 1307 4137 ταῖς
1329 4063 1401 4150 πρύς
1423 4064 1571 4147 ἀλλήλους
1594 4066 1660 4134 ταῖς

357 4169 441 4258 χερσί
466 4169 576 4257 μάχαις
606 4171 839 4253 interpretatus
869 4173 972 4238 hisce:
1007 4168 1059 4242 τὰς
1088 4170 1301 4254 γυμνοπαιδίας
1330 4169 1419 4251 λέγει.
1460 4165 1660 4252 γυμνάζοντες

358 4275 416 4362 γάρ
438 4274 505 4349 τοὺς
528 4278 637 4347 παῖδας
659 4277 688 4340 ἐν
711 4276 789 4362 ἡλίῳ
812 4275 927 4340 τύπτειν
951 4276 1100 4359 ἀλλήλους
1122 4276 1240 4340 ἐποίουν
1264 4276 1352 4361 μέχρι
1374 4273 1465 4358 νίκης.
1509 4271 1602 4336 ἐνίοτε
1626 4271 1662 4336 δὲ

433 4440 460 4506 1)
480 4437 556 4505 Quod
575 4437 617 4491 bis
636 4436 797 4504 Apollodori
816 4452 870 4490 una
889 4453 948 4490 cum
968 4436 1075 4490 Sosibio
1096 4438 1195 4491 mentio
1214 4436 1258 4505 fit,
1287 4437 1327 4490 ita
1353 4441 1394 4490 est
1413 4450 1447 4488 ex
1466 4433 1661 4502 grammatico·

360 4545 420 4583 rum
439 4544 513 4582 more
532 4527 730 4593 explicandum,
750 4535 780 4580 ut
799 4527 968 4581 Athenaeum
988 4528 1016 4580 in
1036 4527 1198 4594 Apollodori
1217 4528 1302 4594 libro,
1332 4541 1409 4594 quem
1428 4523 1563 4590 adhibuit,
1582 4522 1660 4576 Sosi-

358 4620 432 4673 bium
451 4625 548 4671 testem
567 4616 734 4683 adscriptum
753 4617 888 4670 invenisse
907 4616 1037 4670 dicamus.

431 4707 459 4774 2)
478 4705 521 4758 Ex
540 4706 633 4760 eodem
652 4707 753 4761 Sosibii
771 4709 831 4761 loco
851 4705 963 4761 fluxisse
982 4705 1089 4760 videtur
1108 4707 1201 4774 glossa
1221 4706 1364 4775 Hesychii:
1391 4704 1496 4760 πύλτος·
1516 4699 1545 4752 τύ
1565 4703 1659 4753 maust-

359 4800 416 4870 ύιον
437 4796 592 4868 (susceptos
611 4797 748 4865 Heinsius,
767 4799 869 4850 πυάνιον
889 4796 1054 4850 Schmidtius
1075 4796 1153 4864 coni,
1172 4796 1245 4865 quod
1263 4793 1447 4864 probaverim)
1467 4792 1562 4863 ἕψημα.
