3814 5370
1021 371 1039 432 6

372 544 496 612 distent
517 564 537 611 a
558 542 819 626 Xenophonteis,
851 541 927 608 inde
952 557 1024 609 esse
1048 540 1291 625 explicandum,
1324 539 1408 622 quod
1430 540 1485 606 ille
1509 539 1616 622 capite
1643 543 1680 604 13

374 649 597 718 institutorum
622 648 673 714 vel
696 653 858 730 excerpto,
881 648 976 728 quale
998 645 1165 729 habemus,
1188 645 1239 712 vel
1261 645 1390 730 integro
1405 663 1483 711 usus
1502 635 1558 710 sit
1600 643 1684 710 Nam

375 772 448 820 cnm
469 753 502 819 in
526 757 678 834 excerpto
700 752 844 834 legamus
867 749 997 836 ἐπαίρειν
1019 751 1063 822 εἰς
1086 750 1160 836 ὕψος
1183 749 1392 817 statuendum
1409 749 1538 816 videtur
1560 748 1683 814 eisdem

374 857 483 925 uerbis
505 856 547 923 ah
570 863 703 923 auctore
724 855 834 939 ignoto
858 857 940 922 hanc
964 856 1160 922 sententiam
1189 853 1290 921 luisse
1323 871 1518 936 expressam.
1572 852 1684 935 Neque

376 964 460 1030 enim
483 969 707 1046 excerptorem
729 960 830 1028 verba
852 959 950 1027 fontis
973 961 1022 1027 sui
1046 961 1135 1026 nulla
1157 977 1291 1042 prorsus
1322 958 1362 1025 de
1387 977 1485 1024 cansa
1507 959 1683 1026 mutavisse

376 1067 531 1135 credibile
565 1073 615 1134 est
645 1085 749 1149 neque
777 1066 986 1132 Plutarchum
1018 1064 1103 1131 forte
1136 1063 1267 1131 fortuna
1298 1065 1331 1130 in
1353 1063 1454 1130 verba
1477 1062 1683 1148 Xenophonti

379 1191 474 1255 qnam
497 1173 660 1239 simillima
680 1171 843 1236 incidisse.
888 1169 1014 1236 Deinde
1038 1175 1145 1235 antem
1159 1169 1353 1234 Plutarchus
1378 1167 1465 1234 haud
1488 1187 1563 1234 raro
1586 1167 1684 1234 verbo

377 1275 450 1364 φασὶ
473 1279 524 1344 vel
546 1277 611 1344 ulio
631 1276 667 1342 id
690 1294 793 1361 genus
815 1275 939 1341 indicat
961 1293 1045 1356 quae
1068 1279 1242 1340 narrentur
1264 1273 1337 1339 aliis
1368 1271 1490 1338 deberi.
1551 1273 1590 1339 Id
1613 1291 1683 1340 oum

378 1401 417 1451 eo
440 1401 566 1465 quoque
589 1381 630 1447 de
653 1399 715 1463 quo
739 1379 866 1464 agimus
887 1379 958 1445 loco
981 1377 1107 1456 fecerit,
1129 1377 1205 1444 inde
1229 1397 1248 1443 a
1270 1375 1379 1444 verbis
1400 1373 1485 1439 τὸδὲ
1504 1375 1575 1441 αὐτὸ
1598 1381 1684 1441 τοῦτο

377 1483 427 1549 καὶ
449 1483 560 1557 καλοὺς
583 1484 665 1548 δοκεῖ
686 1485 780 1547 ποιεῖν
804 1482 845 1548 de
870 1502 927 1550 suo
950 1483 1080 1568 ingenio
1103 1481 1225 1565 aliquid
1241 1481 1363 1548 addere
1380 1480 1508 1546 videtur
1522 1481 1570 1548 rei
1584 1482 1683 1548 etiam

380 1590 510 1658 aliunde
533 1595 639 1656 notae.
684 1590 799 1671 ltaque
824 1588 851 1654 si
875 1605 914 1652 ex
936 1606 998 1653 uno
1020 1586 1103 1653 libro
1126 1588 1245 1652 hausta
1268 1591 1344 1652 sunt
1366 1586 1546 1669 instituta,
1570 1605 1623 1652 res
1647 1605 1683 1652 se

381 1695 478 1762 aliter
499 1713 562 1760 non
583 1692 704 1758 habet:
738 1692 931 1758 Plutarchus
954 1692 1054 1773 elegit
1076 1692 1221 1757 consulto
1246 1709 1301 1770 ea,
1335 1708 1418 1772 quae
1441 1689 1482 1755 ab
1504 1690 1685 1758 hominihus

381 1798 523 1881 optimae
546 1797 665 1862 aetatis
689 1796 957 1877 auctoritatisque
980 1813 1122 1862 summae
1145 1815 1208 1862 non
1232 1801 1326 1861 erant
1354 1795 1511 1890 exposita,
1544 1795 1687 1879 neglexit

379 1919 419 1969 ea
442 1920 524 1983 qnae
546 1901 594 1966 illi
616 1899 842 1983 tradiderant,
865 1919 1059 1983 quamquam
1081 1902 1114 1966 in
1136 1900 1188 1966 his
1211 1918 1336 1982 quoque
1359 1904 1470 1982 erant,
1494 1917 1577 1980 qnae
1600 1916 1686 1965 com·

382 2010 564 2074 memoratu
587 2005 685 2089 digna
709 2023 781 2070 esse
802 2010 955 2087 poterant
977 2005 1080 2070 videri
1103 2006 1215 2087 (caput
1243 2009 1282 2070 13
1306 2021 1408 2085 usque
1438 2002 1481 2069 ad
1503 2003 1596 2066 ποιεῖν
1618 2025 1688 2088 τρο-

384 2111 469 2195 φῆς).
514 2109 584 2175 Ηοο
607 2109 708 2190 siquis
731 2114 841 2190 potest
864 2107 926 2175 sihi
949 2109 1097 2190 explicet.
1158 2107 1225 2174 Nos
1247 2107 1324 2190 quid
1347 2107 1387 2173 de
1410 2108 1471 2173 hac
1493 2125 1529 2174 re
1553 2125 1700 2174 censes-1

380 2233 462 2294 mus,
485 2213 552 2279 iam
573 2218 685 2280 nostro
706 2214 776 2279 iura
800 2212 894 2279 nobis
916 2213 1062 2279 videmur
1083 2213 1303 2295 pronuntiare.

466 2318 613 2400 Namque
636 2318 664 2383 si
688 2317 881 2400 quaerimus,
905 2336 969 2399 qua
991 2316 1122 2383 tandem
1144 2318 1178 2382 in
1200 2335 1236 2382 re
1259 2317 1385 2383 nitatur
1406 2317 1471 2383 ista
1486 2316 1603 2400 opinio,
1625 2317 1687 2384 hoo

379 2441 479 2491 unum
501 2421 648 2504 prolerre
669 2428 806 2505 possunt
827 2422 974 2488 homines
997 2421 1085 2488 docti
1108 2427 1342 2506 argumentum,
1366 2421 1451 2503 quod
1471 2422 1622 2488 continno
1636 2441 1687 2488 or·
1709 2409 1712 2416 ⁴

380 2527 456 2594 dine
477 2529 511 2594 in
534 2526 698 2592 codicibus
721 2546 817 2593 manu
841 2527 971 2608 scriptis
999 2528 1150 2609 legantur
1178 2545 1216 2592 ac
1239 2527 1409 2608 dispositio
1433 2527 1541 2609 aliqua
1563 2526 1597 2592 in
1619 2546 1686 2593 mo·

379 2629 470 2699 ribus
493 2630 726 2714 Spartanorum
748 2631 947 2713 explicandis
971 2637 1069 2713 queat
1091 2631 1189 2697 cerni.
1243 2632 1287 2697 At
1309 2631 1585 2716 apophthegmata
1608 2651 1686 2714 quo·

382 2753 443 2819 que
466 2754 581 2820 regum
604 2741 638 2800 et
658 2735 773 2802 ducum
795 2737 881 2803 iusto
911 2735 1023 2802 ordine
1056 2742 1131 2802 sunt
1159 2736 1300 2814 tradita,
1337 2753 1441 2818 neque
1476 2742 1584 2802 tamen
1614 2743 1690 2818 post

383 2839 491 2906 Oaroli
514 2838 685 2906 Schmidtii
712 2858 807 2905 curas
830 2840 896 2923 (‘de
920 2841 1229 2926 apophthegmatum
1256 2858 1339 2921 qnae
1362 2838 1422 2905 suh
1443 2840 1609 2906 Plutarchi
1632 2859 1688 2906 no·

381 2945 467 3012 mine
496 2943 645 3010 feruntur
673 2944 925 3011 collectionibus'
956 2946 1034 3011 diss.
1058 2945 1237 3028 Gryphisw.
1264 2943 1360 3029 1879)
1391 2943 1576 3028 dubitatur,
1613 2945 1689 3029 quin

381 3049 522 3130 undique
545 3067 584 3114 ea
607 3049 836 3131 conscripserit
858 3050 896 3128 is,
920 3050 971 3115 cni
995 3050 1216 3115 collectionem
1240 3047 1404 3115 debemus.
1464 3049 1565 3116 Vides
1587 3050 1690 3135 igitur

382 3151 495 3236 quanti
524 3152 567 3219 sit
598 3153 665 3218 tale
688 3161 915 3238 argumentum
938 3154 1183 3220 aestimandum.
1240 3154 1321 3219 Tum
1353 3172 1431 3219 vero
1463 3152 1687 3220 difficultatem

383 3254 476 3322 nohis
499 3274 539 3321 ex
562 3274 600 3321 ea
623 3257 772 3338 opinione
794 3258 1029 3324 disserentibus
1056 3259 1143 3340 gigni
1173 3256 1374 3339 patefactum
1403 3262 1472 3337 est,
1506 3276 1602 3340 quam
1636 3259 1689 3340 qui

385 3377 456 3426 eam
467 3359 690 3442 profiteantur,
715 3363 865 3443 expedire
887 3381 950 3428 non
973 3367 1117 3444 possunt.
1164 3362 1246 3440 Quin
1259 3363 1362 3446 igitur
1381 3361 1599 3444 improbamus
1621 3363 1690 3445 opi·

386 3464 515 3529 nionem
527 3465 630 3530 adhuc
643 3463 712 3531 lere
724 3469 940 3550 regnantem?
972 3466 1069 3533 Nulla
1084 3466 1230 3549 profecto
1246 3484 1300 3532 res
1312 3465 1431 3549 obstat,
1453 3467 1551 3533 immo
1571 3467 1605 3533 in
1628 3485 1689 3549 quo

384 3567 610 3652 haerebamus,
634 3588 697 3635 non
720 3571 856 3653 amphus
879 3570 971 3637 nobis
995 3577 1047 3637 est
1067 3573 1298 3653 impedimento
1316 3569 1551 3637 arbitrantibus
1567 3591 1630 3638 non
1652 3589 1691 3638 ex

383 3691 447 3738 nno
469 3672 552 3738 libro
576 3680 729 3756 excerpta
751 3693 822 3741 esse
847 3676 1007 3742 ‘instituta
1029 3676 1198 3742 Laconioa'
1223 3675 1280 3741 sed
1314 3693 1331 3740 e
1361 3675 1469 3741 nescio
1501 3682 1588 3758 quot.
1644 3677 1690 3741 Ac

383 3775 524 3843 fortasse
546 3796 609 3842 non
632 3796 712 3860 opus
735 3784 785 3844 est
804 3780 844 3845 de
862 3781 1007 3861 pluribus
1025 3779 1150 3847 duobus
1173 3779 1414 3846 ‘institutorum'
1437 3778 1580 3846 fontibus
1604 3781 1689 3863 cogi·

382 3885 465 3946 tare.
519 3880 606 3959 Quos
635 3883 662 3947 si
686 3883 857 3949 litterish
879 3890 912 3949 et
934 3885 960 3948 Β
983 3888 1097 3950 notare
1127 3886 1214 3967 licet,
1238 3888 1335 3965 caput
1358 3888 1397 3949 13
1419 3884 1467 3950 ita
1490 3891 1597 3950 ortum
1619 3903 1691 3950 esse

385 3989 532 4068 apparet,
554 3991 591 4052 nt
612 3988 702 4069 prior
722 4006 800 4068 pars
823 3987 865 4054 ad
887 3989 915 4052 Α
937 3979 1069 4068 redeat,
1086 3991 1170 4055 unde
1193 3989 1294 4054 etiam
1316 4007 1355 4053 ea
1378 3993 1507 4070 sumpta
1530 3995 1624 4068 sunt,
1648 3989 1688 4054 de

388 4088 504 4170 quihus
527 4093 623 4156 antea
645 4091 819 4175 disputavi,
843 4092 949 4158 altera
972 4113 1046 4160 vero
1070 4094 1112 4160 ad
1126 4095 1163 4158 B.
1208 4095 1277 4159 Iam
1299 4093 1494 4174 praecipites
1517 4112 1626 4160 sumus
1648 4093 1690 4159 ad

388 4194 660 4260 concludendum:
694 4196 888 4262 Plutarchus
923 4198 1048 4264 scilicet
1081 4215 1206 4280 quoque
1239 4197 1272 4261 in
1304 4198 1351 4263 eis
1384 4215 1466 4278 quae
1489 4199 1692 4264 consentiunt

389 4315 460 4362 cum
484 4298 589 4363 altera
612 4299 729 4380 capitis
755 4306 792 4366 13
815 4306 910 4383 parte
933 4303 1054 4382 pendet
1076 4322 1115 4367 ex
1136 4303 1173 4366 Β.
1196 4335 1239 4350 -

471 4401 541 4467 Hoc
574 4420 650 4468 vero
680 4404 809 4471 minime
840 4405 969 4472 sufficit.
1025 4407 1108 4474 Nam
1140 4425 1203 4472 non
1233 4405 1350 4487 capitis
1385 4412 1423 4472 13
1455 4411 1583 4472 tantum
1615 4423 1691 4488 pars

385 4504 581 4572 conferenda
604 4513 656 4572 est
684 4527 754 4574 cum
776 4510 943 4576 Plutarchi
972 4512 1039 4577 vita
1061 4511 1218 4595 Lycurgi,
1256 4510 1315 4576 sed
1345 4511 1444 4577 etiam
1472 4511 1559 4577 haud
1589 4529 1692 4592 pauca

383 4616 517 4693 praeter
537 4610 619 4676 illud
643 4613 761 4694 capita.
817 4614 897 4681 Sunt
920 4622 1029 4681 autem
1051 4616 1153 4681 haec:
1187 4621 1286 4695 1-6,
1310 4621 1363 4695 12,
1390 4621 1446 4698 14,
1472 4621 1529 4700 15,
1555 4619 1692 4696 18-20,

386 4716 439 4796 24,
462 4719 514 4793 40,
538 4713 655 4795 quibus
676 4719 882 4786 necessitudo
906 4721 1015 4802 aliqua
1036 4721 1239 4786 intercedere
1261 4719 1391 4785 videtur
1420 4738 1492 4785 cnm
1521 4720 1608 4785 vitae
1630 4719 1693 4801 Ly·

388 4835 528 4903 curgeae
551 4819 713 4901 capitibus
748 4827 797 4902 12,
826 4829 876 4903 16,
904 4830 953 4908 17,
976 4829 1028 4908 21,
1051 4829 1103 4907 27,
1128 4830 1179 4909 28,
1202 4829 1253 4891 24.
1310 4826 1416 4906 Atque
1447 4824 1528 4890 haec
1550 4824 1636 4890 inter
1658 4840 1693 4890 se
