3814 5370
962 322 1004 384 40

335 491 449 560 eadem
470 491 564 558 lexici
587 491 778 575 Segueriani
806 496 840 557 et
862 483 960 556 Eildi.
1016 489 1106 569 Ques
1129 508 1200 558 cum
1234 491 1282 558 ita
1316 489 1399 571 sint,
1432 489 1638 558 vehementer

339 595 470 680 dubito,
503 616 580 664 num
601 602 635 663 et
657 615 739 678 quae
763 595 943 680 Hesychius
966 595 1008 661 ad
1029 613 1141 662 vocem
1162 592 1336 666 Εἵλωτες
1360 599 1393 662 et
1415 613 1497 678 quae
1520 595 1563 661 ad
1584 613 1639 662 νο-

338 721 406 769 cern
427 701 666 787 Σκ[ε]ιρίτης
695 701 974 784 interpretandam
1004 699 1115 784 affert,
1153 701 1195 767 sd
1228 701 1365 768 eundem
1389 705 1552 768 auctorem
1574 699 1640 766 sint

337 807 535 888 revocanda,
569 826 587 874 e
617 826 679 890 quo
708 799 798 873 HMi
828 814 862 873 et
889 806 981 873 lexici
1005 806 1197 892 Segueriani
1220 805 1260 872 de
1282 806 1334 874 his
1356 803 1488 873 vocibus
1511 805 1640 872 articuli

340 913 460 995 sumpti
483 919 566 979 sunt.
623 913 720 980 Certe
743 913 861 979 nullius
883 911 981 994 pretii
1003 917 1079 978 sunt
1101 931 1183 994 quae
1205 911 1386 996 Hesychius
1410 929 1435 978 s.
1455 931 1483 977 ν.
1510 907 1642 982 Εἵλωτες

339 1016 469 1084 exhibet
490 1037 570 1101 prae
592 1017 721 1086 illorum
743 1017 1028 1103 grammaticorum
1058 1016 1215 1083 doctrina.
1272 1019 1377 1099 Atque
1401 1035 1426 1083 s.
1450 1037 1479 1082 v.
1502 1015 1641 1101 Σκιρίτης

338 1123 517 1207 Hesychius
557 1123 700 1205 quamvis
742 1123 786 1189 sit
818 1122 930 1189 exilior
966 1121 1046 1189 lacit
1074 1141 1143 1188 curu
1175 1122 1298 1189 Timaei
1327 1121 1427 1190 lexico
1463 1122 1642 1202 Platonico,

339 1228 429 1296 cuius
449 1229 522 1312 ipsa
544 1226 644 1294 rerba
666 1227 752 1310 apud
775 1227 906 1294 Suidam
928 1244 1053 1309 quoque
1076 1228 1154 1294 licet
1175 1228 1295 1313 legere.
1355 1227 1506 1294 ceterum
1527 1245 1640 1310 quam-

341 1353 436 1417 quam
458 1332 557 1402 verba
578 1334 614 1419 ἧν
637 1331 671 1396 δὲ
689 1331 859 1419 'spectante
881 1332 997 1400 desunt
1019 1334 1052 1398 in
1074 1333 1176 1400 lexico
1204 1333 1402 1419 Seguariano
1426 1339 1460 1400 et
1480 1333 1514 1398 in
1527 1333 1643 1414 E⁰M⁰,

340 1445 449 1506 tamen
470 1439 576 1521 possis
600 1439 733 1505 eandem
757 1438 951 1520 doctrinam,
985 1456 1082 1520 quam
1105 1439 1190 1520 apud
1213 1438 1426 1522 Hesychium,
1459 1439 1493 1504 in
1525 1439 1573 1504 eis
1608 1457 1643 1504 a·

340 1563 506 1631 gnoscere,
530 1544 700 1612 dummodo
724 1563 833 1610 eorum
855 1540 963 1609 verbis
985 1541 1014 1606 οἳ
1036 1541 1118 1606 αὐτοὶ
1140 1545 1212 1607 καθ’
1225 1541 1331 1616 αὑτοὺς
1353 1542 1571 1629 ἐστρατεύοντο,
1595 1541 1646 1607 καὶ

342 1651 400 1736 οὐχ
423 1649 486 1734 ἅμα
508 1651 568 1721 τοῖς
591 1647 692 1720 ἄλλοις
714 1647 965 1732 Λακεδαιμονίοις
989 1649 1122 1715 eandem
1145 1650 1339 1716 sententiam
1362 1648 1494 1717 subesse
1517 1654 1647 1716 statuas

342 1774 438 1839 quam
449 1755 602 1838 Hesychii
625 1756 640 1817 h
663 1752 908 1841 προκινδυνεύων.
955 1753 1036 1821 Utut
1060 1761 1170 1820 autem
1192 1773 1245 1820 res
1270 1759 1329 1838 est,
1352 1755 1386 1821 id
1409 1761 1533 1822 certum
1555 1754 1645 1821 vide·

341 1867 405 1944 tur,
441 1861 570 1927 etiamsi
590 1861 649 1926 has
673 1878 798 1944 quoque
821 1860 948 1944 glossas
972 1858 1014 1924 ad
1036 1878 1133 1926 unum
1155 1865 1321 1926 auctorem
1343 1861 1483 1926 omnium
1505 1878 1646 1927 commu-

340 1984 414 2032 nem
444 1984 648 2048 revocamus,
682 1965 776 2031 huius
808 1964 1021 2030 eruditionem
1043 1983 1102 2046 per
1124 1965 1254 2032 canales
1283 1984 1378 2047 quem
1408 1964 1645 2034 diversissimos

342 2071 426 2136 inter
449 2089 484 2138 se
507 2071 541 2135 in
562 2069 716 2153 Hesychii
739 2070 937 2152 aliorumque
959 2069 1063 2135 lexico
1087 2067 1226 2136 fluxisse.

427 2174 629 2242 Absolvimus
653 2194 708 2258 ea,
743 2193 825 2257 quae
855 2174 894 2240 de
917 2174 1057 2240 Bekkeri
1077 2175 1178 2240 lexico
1202 2175 1313 2258 quinto
1337 2175 1475 2242 dicenda
1506 2173 1643 2242 fuerunt.

340 2280 457 2347 Restat
479 2287 516 2347 ut
538 2282 578 2347 de
601 2279 839 2346 necessitudine
860 2278 960 2345 verba
982 2279 1148 2363 feriamur,
1172 2297 1255 2361 quae
1278 2279 1440 2363 Hesychio
1462 2279 1640 2347 intercedat

341 2386 376 2452 in
398 2386 517 2471 glossis
540 2386 649 2468 aliqua
671 2385 798 2450 ratione
821 2384 863 2450 ad
886 2403 939 2449 res
963 2384 1142 2450 Laconicas
1174 2383 1395 2466 spectantibus
1430 2404 1502 2452 cum
1531 2385 1634 2452 lexicis

342 2491 514 2557 rhetoricis
544 2490 706 2558 inferioris
741 2508 836 2572 quam
870 2488 1104 2574 Seguerianum
1138 2491 1283 2572 quintum
1317 2491 1447 2556 ordinis.
1505 2490 1633 2568 Quarum

343 2597 447 2679 prima
477 2602 528 2663 est
550 2595 698 2682 αἰγίςῑ).
756 2594 825 2673 Qua
857 2592 917 2662 sub
951 2613 1028 2660 voce
1062 2613 1143 2677 quae
1176 2596 1210 2662 in
1233 2597 1393 2680 Hesychio
1425 2597 1460 2662 in
1482 2594 1575 2662 mlh
1605 2595 1637 2658 in

344 2703 601 2786 Harpocratione
624 2701 655 2766 in
677 2701 779 2767 lexico
802 2700 1063 2766 Bachmanniano
1088 2698 1156 2785 (BA
1178 2720 1209 2782 p.
1233 2702 1310 2784 454)
1335 2706 1465 2785 extant,
1501 2701 1543 2767 ad
1564 2699 1643 2766 Atti·

348 2810 503 2877 cistarum
525 2808 668 2874 seholam
683 2805 885 2872 Herodotum
905 2810 1037 2887 praeter
1060 2805 1141 2872 alios
1157 2810 1354 2873 tractantem
1371 2808 1559 2890 plerumque
1577 2825 1646 2872 esse

344 2913 524 2980 reuocanda
556 2913 673 2979 docent
708 2910 808 2978 verbe
844 2910 927 2977 Aelii
960 2911 1105 2993 Dionysii
1141 2917 1174 2976 et
1196 2912 1377 2977 Pausaniae
1411 2911 1451 2980 ab
1474 2912 1648 2979 Eustathio

345 3021 470 3103 (comm.
494 3019 527 3083 in
549 3019 586 3083 ll.
609 3038 640 3100 p.
665 3021 743 3102 603)
767 3021 907 3083 servata.
960 3016 1160 3098 Quamquam
1182 3022 1289 3092 eutem
1312 3016 1507 3084 uberrimum
1530 3019 1592 3084 hac
1615 3019 1647 3082 in

343 3143 421 3192 voce
444 3124 632 3205 explicanda
655 3127 706 3188 est
727 3123 849 3188 lexicon
869 3120 1173 3203 Bachmannienum,
1196 3122 1392 3205 Hesychium
1413 3129 1524 3189 tamen
1546 3124 1651 3188 solum

345 3227 544 3308 curabimus
579 3228 697 3311 quippe
721 3228 774 3309 qui
796 3245 877 3292 unus
901 3226 1022 3292 diserte
1045 3233 1202 3310 exponat,
1227 3228 1298 3309 quis
1321 3228 1398 3309 quid
1422 3228 1462 3294 de
1484 3227 1648 3314 significa·

344 3337 433 3402 tione
455 3335 542 3401 uocis
566 3333 641 3416 αἰγίς
664 3333 750 3415 apud
774 3333 951 3414 Spartanos
971 3331 1148 3398 tradiderit
1159 3330 1195 3416 2).
1253 3333 1356 3398 Simili
1390 3334 1484 3400 modo
1518 3334 1652 3400 demon-

347 3440 447 3506 strari
464 3445 574 3521 potest
609 3438 694 3504 vocis
727 3435 935 3522 depretiem
969 3437 1269 3519 interpretationem
1301 3440 1431 3521 propria
1454 3439 1508 3504 via·
1527 3441 1561 3504 in
1582 3438 1651 3504 He·

346 3545 448 3628 sychii
470 3545 624 3610 scrinium
647 3544 823 3610 devenisse.
870 3543 939 3622 Qua
960 3543 994 3608 in
1016 3561 1093 3609 voce
1116 3543 1305 3624 explicanda
1324 3542 1416 3609 HMi
1438 3549 1550 3610 auctor
1563 3543 1648 3610 Aelii

346 3649 508 3734 Dionysii,
543 3650 597 3731 qui
629 3668 688 3716 sua
718 3650 787 3716 vice
815 3668 855 3716 ex
876 3648 999 3716 scholio
1021 3649 1137 3714 eximio
1159 3649 1267 3715 versui
1291 3654 1354 3716 934
1377 3648 1529 3716 Hecubae
1552 3649 1648 3714 Euri·

345 3756 462 3839 pideae
484 3755 648 3838 adscripto
669 3755 817 3821 hausisse
839 3754 984 3836 videtur,
1020 3753 1136 3820 Suidas
1159 3755 1340 3821 Pausaniae
1373 3754 1554 3821 doctrinam
1585 3774 1647 3838 pro

348 3880 406 3929 sua
428 3860 573 3928 vendidit
602 3859 657 3944 (cl.
679 3861 772 3926 Euat.
804 3878 835 3940 p.
859 3865 932 3942 975,
957 3863 997 3924 38
1020 3859 1115 3941 sqq.).
1173 3858 1263 3937 Quod
1291 3879 1367 3926 vero
1401 3859 1467 3926 dixi
1496 3859 1652 3945 Hesychii

345 3967 432 4036 vocis
453 3965 755 4050 interpretationem
777 3962 818 4031 ab
840 3964 904 4030 illis
927 3963 1060 4047 distare,
1085 3964 1256 4032 ostendere
1277 3965 1356 4032 mihi
1371 3965 1498 4034 videtur
1513 3965 1649 4034 verbum

421 4189 448 4260 1)
467 4165 551 4243 Prior
566 4184 697 4256 Hesychii
715 4185 808 4253 glossa
835 4183 911 4255 style,
938 4198 1007 4251 quae
1026 4191 1068 4240 ast
1095 4184 1168 4254 apud
1187 4184 1351 4240 Mauricium
1369 4184 1491 4240 Schmidt
1510 4187 1579 4240 1733
1598 4184 1644 4240 lit·

348 4286 425 4334 terae
443 4297 467 4345 a,
487 4292 542 4332 non
560 4274 733 4343 respicienda
751 4281 807 4342 est,
828 4273 892 4342 quia
910 4273 1066 4329 litterarum
1085 4274 1153 4330 ordo
1172 4290 1205 4329 ea
1223 4275 1360 4330 turbetur.

420 4367 448 4436 2)
467 4366 572 4421 Nomen
591 4363 780 4436 Nymphodori
809 4370 934 4432 superest
963 4363 1037 4431 apud
1061 4364 1322 4433 Harpocrationem,
1350 4365 1464 4420 loricam
1492 4361 1650 4432 significare

347 4472 429 4528 posse
447 4470 540 4511 vocem
558 4454 620 4525 αἰγίς
638 4460 735 4508 narrat
748 4453 856 4509 lexicon
866 4453 1125 4509 Bachmannianum.
1161 4454 1278 4510 Rectam
1298 4461 1388 4510 autem
1404 4453 1518 4509 Carolus
1530 4453 1651 4510 Mueller

347 4547 390 4618 (F.
402 4544 476 4600 HG.
496 4543 523 4598 II
542 4560 568 4612 p.
588 4544 652 4612 381)
670 4542 805 4599 Herodoti
824 4543 874 4613 (IV
894 4546 957 4614 189)
982 4544 1090 4599 ratione
1117 4544 1213 4599 hahita
1232 4544 1416 4599 coniecturam
1435 4544 1643 4612 pronuntiavit:

346 4637 484 4692 ‘ceterum
502 4635 571 4689 haec
591 4648 624 4688 ex
643 4648 675 4688 eo
694 4633 781 4702 petita
799 4632 902 4689 luerint
920 4634 989 4702 loco,
1021 4633 1068 4688 ubi
1087 4632 1120 4688 de
1138 4633 1255 4704 Libyam
1272 4633 1388 4705 νομίμοις
1405 4649 1494 4688 sermo
1514 4633 1591 4688 erat’.
1611 4665 1650 4676 -

350 4723 449 4782 Suidas
468 4740 532 4779 vero
551 4723 634 4779 alium
653 4730 792 4780 auctorem
810 4724 839 4778 in
856 4725 909 4779 hac
927 4739 993 4780 voce
1011 4731 1120 4778 secutus
1138 4732 1187 4780 est.
1234 4724 1305 4780 Num
1324 4739 1373 4778 suo
1392 4722 1452 4778 iure
1469 4724 1522 4778 hoc
1540 4721 1649 4795 fecerit,

348 4816 504 4874 discernere
522 4831 576 4872 non
595 4814 689 4870 ausim.
