<?xml version="1.0" encoding="UTF-8"?>
<!DOCTYPE html PUBLIC "-//W3C//DTD XHTML 1.0 Transitional//EN"
    "http://www.w3.org/TR/xhtml1/DTD/xhtml1-transitional.dtd">
<html xmlns="http://www.w3.org/1999/xhtml" xml:lang="en" lang="en">
 <head>
  <title>
</title>
<meta http-equiv="Content-Type" content="text/html;charset=utf-8" />
  <meta name='ocr-system' content='tesseract 3.04.00' />
  <meta name='ocr-capabilities' content='ocr_page ocr_carea ocr_par ocr_line ocrx_word'/>
</head>
<body>
  <div class='ocr_page' id='page_1' title='image "./quaestionumlaco00webegoog_0027.png"; bbox 0 0 3814 5370; ppageno 0'>
   <div class='ocr_carea' id='block_1_1' title="bbox 1034 341 1073 405">
    <p class='ocr_par' dir='ltr' id='par_1_1' title="bbox 1034 341 1073 405">
     <span class='ocr_line' id='line_1_1' title="bbox 1034 341 1073 405; baseline 0.026 -1"><span class='ocrx_word' id='word_1_1' title='bbox 1034 341 1073 405; x_wconf 88' lang='grc'><strong>16</strong></span> 
     </span>
    </p>
   </div>
   <div class='ocr_carea' id='block_1_2' title="bbox 399 509 1709 3100">
    <p class='ocr_par' dir='ltr' id='par_1_2' title="bbox 399 509 1709 3100">
     <span class='ocr_line' id='line_1_2' title="bbox 402 509 1709 593; baseline 0.003 -18"><span class='ocrx_word' id='word_1_2' title='bbox 402 511 581 576; x_wconf 78' lang='lat' dir='ltr'><strong>scribamus</strong></span> <span class='ocrx_word' id='word_1_3' title='bbox 603 509 725 576; x_wconf 89' lang='lat' dir='ltr'><strong>scholio</strong></span> <span class='ocrx_word' id='word_1_4' title='bbox 747 509 932 593; x_wconf 88' lang='lat' dir='ltr'><strong>Platonico,</strong></span> <span class='ocrx_word' id='word_1_5' title='bbox 964 512 1044 592; x_wconf 91' lang='lat' dir='ltr'><strong>toti,</strong></span> <span class='ocrx_word' id='word_1_6' title='bbox 1068 512 1208 592; x_wconf 90' lang='lat' dir='ltr'><strong>inquam,</strong></span> <span class='ocrx_word' id='word_1_7' title='bbox 1231 509 1278 576; x_wconf 91' lang='lat' dir='ltr'><strong>illi</strong></span> <span class='ocrx_word' id='word_1_8' title='bbox 1302 510 1343 577; x_wconf 88' lang='lat' dir='ltr'><strong>ad</strong></span> <span class='ocrx_word' id='word_1_9' title='bbox 1366 531 1475 578; x_wconf 88' lang='lat' dir='ltr'><strong>vocem</strong></span> <span class='ocrx_word' id='word_1_10' title='bbox 1498 510 1629 582; x_wconf 73' lang='grc' dir='ltr'>ξυσσίτια</span> <span class='ocrx_word' id='word_1_11' title='bbox 1651 511 1709 579; x_wconf 92' lang='lat' dir='ltr'><strong>ad·</strong></span> 
     </span>
     <span class='ocr_line' id='line_1_3' title="bbox 400 613 1709 703; baseline -0.002 -23"><span class='ocrx_word' id='word_1_12' title='bbox 400 614 531 696; x_wconf 87' lang='lat' dir='ltr'><strong>scripto.</strong></span> <span class='ocrx_word' id='word_1_13' title='bbox 587 614 671 679; x_wconf 89' lang='lat' dir='ltr'><strong>Nam</strong></span> <span class='ocrx_word' id='word_1_14' title='bbox 700 615 729 680; x_wconf 91' lang='lat' dir='ltr'><strong>si</strong></span> <span class='ocrx_word' id='word_1_15' title='bbox 759 615 831 696; x_wconf 89' lang='lat' dir='ltr'><strong>quis</strong></span> <span class='ocrx_word' id='word_1_16' title='bbox 862 614 981 680; x_wconf 83' lang='lat' dir='ltr'>dixerit</span> <span class='ocrx_word' id='word_1_17' title='bbox 1011 613 1112 681; x_wconf 89' lang='lat' dir='ltr'><strong>verba</strong></span> <span class='ocrx_word' id='word_1_18' title='bbox 1142 619 1269 681; x_wconf 87' lang='lat' dir='ltr'><strong>tentum</strong></span> <span class='ocrx_word' id='word_1_19' title='bbox 1298 615 1373 682; x_wconf 87' lang='lat' dir='ltr'><strong>iude</strong></span> <span class='ocrx_word' id='word_1_20' title='bbox 1404 614 1444 681; x_wconf 88' lang='lat' dir='ltr'><strong>ab</strong></span> <span class='ocrx_word' id='word_1_21' title='bbox 1467 616 1544 701; x_wconf 72' lang='grc' dir='ltr'>ἦσαν</span> <span class='ocrx_word' id='word_1_22' title='bbox 1569 615 1602 680; x_wconf 84' lang='grc' dir='ltr'><strong>δὲ</strong></span> <span class='ocrx_word' id='word_1_23' title='bbox 1624 615 1709 703; x_wconf 84' lang='grc' dir='ltr'>χυρυί</span> 
     </span>
     <span class='ocr_line' id='line_1_4' title="bbox 399 718 1707 802; baseline 0.006 -22"><span class='ocrx_word' id='word_1_24' title='bbox 399 718 476 802; x_wconf 79' lang='grc' dir='ltr'>τρεῖς</span> <span class='ocrx_word' id='word_1_25' title='bbox 505 718 591 784; x_wconf 95' lang='lat' dir='ltr'><strong>nullo</strong></span> <span class='ocrx_word' id='word_1_26' title='bbox 621 719 802 785; x_wconf 89' lang='lat' dir='ltr'><strong>sententiae</strong></span> <span class='ocrx_word' id='word_1_27' title='bbox 834 719 960 784; x_wconf 88' lang='lat' dir='ltr'><strong>vinculo</strong></span> <span class='ocrx_word' id='word_1_28' title='bbox 993 737 1065 786; x_wconf 90' lang='lat' dir='ltr'><strong>cum</strong></span> <span class='ocrx_word' id='word_1_29' title='bbox 1099 719 1146 785; x_wconf 91' lang='lat' dir='ltr'><strong>eis</strong></span> <span class='ocrx_word' id='word_1_30' title='bbox 1180 738 1264 801; x_wconf 86' lang='lat' dir='ltr'><strong>quae</strong></span> <span class='ocrx_word' id='word_1_31' title='bbox 1296 720 1491 786; x_wconf 88' lang='lat' dir='ltr'><strong>antecedunt</strong></span> <span class='ocrx_word' id='word_1_32' title='bbox 1521 721 1707 801; x_wconf 88' lang='lat' dir='ltr'><strong>cohaerere,</strong></span> 
     </span>
     <span class='ocr_line' id='line_1_5' title="bbox 399 821 1707 905; baseline 0.003 -19"><span class='ocrx_word' id='word_1_33' title='bbox 399 821 536 904; x_wconf 89' lang='lat' dir='ltr'><strong>ideoque</strong></span> <span class='ocrx_word' id='word_1_34' title='bbox 568 821 609 888; x_wconf 89' lang='lat' dir='ltr'><strong>ab</strong></span> <span class='ocrx_word' id='word_1_35' title='bbox 644 823 707 888; x_wconf 89' lang='lat' dir='ltr'><strong>alio</strong></span> <span class='ocrx_word' id='word_1_36' title='bbox 742 822 919 888; x_wconf 80' lang='lat' dir='ltr'><strong>scholiasta</strong></span> <span class='ocrx_word' id='word_1_37' title='bbox 952 839 1049 902; x_wconf 89' lang='lat' dir='ltr'><strong>quam</strong></span> <span class='ocrx_word' id='word_1_38' title='bbox 1083 823 1137 904; x_wconf 90' lang='lat' dir='ltr'><strong>qui</strong></span> <span class='ocrx_word' id='word_1_39' title='bbox 1174 841 1273 888; x_wconf 88' lang='lat' dir='ltr'><strong>cenae</strong></span> <span class='ocrx_word' id='word_1_40' title='bbox 1305 822 1554 905; x_wconf 82' lang='lat' dir='ltr'><strong>descriptionem</strong></span> <span class='ocrx_word' id='word_1_41' title='bbox 1583 843 1622 891; x_wconf 86' lang='lat' dir='ltr'><strong>ex</strong></span> <span class='ocrx_word' id='word_1_42' title='bbox 1644 824 1707 890; x_wconf 90' lang='lat' dir='ltr'><strong>alio</strong></span> 
     </span>
     <span class='ocr_line' id='line_1_6' title="bbox 400 924 1705 1010; baseline 0.002 -19"><span class='ocrx_word' id='word_1_43' title='bbox 400 926 489 991; x_wconf 87' lang='lat' dir='ltr'><strong>fonte</strong></span> <span class='ocrx_word' id='word_1_44' title='bbox 512 926 661 993; x_wconf 86' lang='lat' dir='ltr'><strong>haustam</strong></span> <span class='ocrx_word' id='word_1_45' title='bbox 684 926 830 992; x_wconf 87' lang='lat' dir='ltr'><strong>Platonis</strong></span> <span class='ocrx_word' id='word_1_46' title='bbox 854 924 962 992; x_wconf 87' lang='lat' dir='ltr'><strong>verbis</strong></span> <span class='ocrx_word' id='word_1_47' title='bbox 995 927 1201 1010; x_wconf 82' lang='lat' dir='ltr'><strong>adposuerit,</strong></span> <span class='ocrx_word' id='word_1_48' title='bbox 1236 944 1276 991; x_wconf 88' lang='lat' dir='ltr'><strong>ex</strong></span> <span class='ocrx_word' id='word_1_49' title='bbox 1306 924 1432 992; x_wconf 84' lang='lat' dir='ltr'><strong>Sosibio</strong></span> <span class='ocrx_word' id='word_1_50' title='bbox 1464 945 1537 992; x_wconf 89' lang='lat' dir='ltr'><strong>esse</strong></span> <span class='ocrx_word' id='word_1_51' title='bbox 1567 927 1705 1010; x_wconf 86' lang='lat' dir='ltr'><strong>adiecta,</strong></span> 
     </span>
     <span class='ocr_line' id='line_1_7' title="bbox 400 1029 1707 1114; baseline 0.002 -18"><span class='ocrx_word' id='word_1_52' title='bbox 400 1035 513 1096; x_wconf 89' lang='lat' dir='ltr'><strong>contra</strong></span> <span class='ocrx_word' id='word_1_53' title='bbox 535 1049 681 1114; x_wconf 89' lang='lat' dir='ltr'><strong>pugnare</strong></span> <span class='ocrx_word' id='word_1_54' title='bbox 704 1049 835 1112; x_wconf 88' lang='lat' dir='ltr'><strong>possum</strong></span> <span class='ocrx_word' id='word_1_55' title='bbox 849 1029 917 1096; x_wconf 91' lang='lat' dir='ltr'><strong>fers</strong></span> <span class='ocrx_word' id='word_1_56' title='bbox 932 1031 1156 1112; x_wconf 88' lang='lat' dir='ltr'><strong>supersedere.</strong></span> <span class='ocrx_word' id='word_1_57' title='bbox 1200 1031 1415 1096; x_wconf 87' lang='lat' dir='ltr'><strong>Pronuntiare</strong></span> <span class='ocrx_word' id='word_1_58' title='bbox 1433 1031 1517 1096; x_wconf 90' lang='lat' dir='ltr'><strong>enim</strong></span> <span class='ocrx_word' id='word_1_59' title='bbox 1541 1032 1622 1098; x_wconf 87' lang='lat' dir='ltr'><strong>satis</strong></span> <span class='ocrx_word' id='word_1_60' title='bbox 1645 1032 1707 1098; x_wconf 91' lang='lat' dir='ltr'><strong>erit</strong></span> 
     </span>
     <span class='ocr_line' id='line_1_8' title="bbox 400 1135 1706 1217; baseline 0.002 -17"><span class='ocrx_word' id='word_1_61' title='bbox 400 1141 469 1200; x_wconf 92' lang='lat' dir='ltr'><strong>tum</strong></span> <span class='ocrx_word' id='word_1_62' title='bbox 491 1135 686 1200; x_wconf 86' lang='lat' dir='ltr'><strong>scholiastae</strong></span> <span class='ocrx_word' id='word_1_63' title='bbox 708 1135 794 1200; x_wconf 91' lang='lat' dir='ltr'><strong>illius</strong></span> <span class='ocrx_word' id='word_1_64' title='bbox 818 1141 983 1216; x_wconf 87' lang='lat' dir='ltr'><strong>stuporem</strong></span> <span class='ocrx_word' id='word_1_65' title='bbox 1006 1135 1094 1201; x_wconf 93' lang='lat' dir='ltr'><strong>nullo</strong></span> <span class='ocrx_word' id='word_1_66' title='bbox 1126 1135 1221 1201; x_wconf 91' lang='lat' dir='ltr'><strong>modo</strong></span> <span class='ocrx_word' id='word_1_67' title='bbox 1243 1153 1338 1216; x_wconf 89' lang='lat' dir='ltr'><strong>posse</strong></span> <span class='ocrx_word' id='word_1_68' title='bbox 1362 1135 1528 1215; x_wconf 85' lang='lat' dir='ltr'><strong>excusari,</strong></span> <span class='ocrx_word' id='word_1_69' title='bbox 1562 1136 1706 1217; x_wconf 90' lang='lat' dir='ltr'><strong>quirem</strong></span> 
     </span>
     <span class='ocr_line' id='line_1_9' title="bbox 401 1239 1707 1322; baseline 0.001 -17"><span class='ocrx_word' id='word_1_70' title='bbox 401 1259 420 1305; x_wconf 90' lang='lat' dir='ltr'><strong>a</strong></span> <span class='ocrx_word' id='word_1_71' title='bbox 444 1239 531 1305; x_wconf 90' lang='lat' dir='ltr'><strong>cenis</strong></span> <span class='ocrx_word' id='word_1_72' title='bbox 553 1239 649 1322; x_wconf 91' lang='lat' dir='ltr'><strong>plane</strong></span> <span class='ocrx_word' id='word_1_73' title='bbox 673 1240 812 1304; x_wconf 89' lang='lat' dir='ltr'><strong>alienam</strong></span> <span class='ocrx_word' id='word_1_74' title='bbox 836 1259 875 1305; x_wconf 93' lang='lat' dir='ltr'><strong>ex</strong></span> <span class='ocrx_word' id='word_1_75' title='bbox 897 1245 1029 1305; x_wconf 89' lang='lat' dir='ltr'><strong>auctore</strong></span> <span class='ocrx_word' id='word_1_76' title='bbox 1051 1239 1268 1306; x_wconf 82' lang='lat' dir='ltr'><strong>reconditiora</strong></span> <span class='ocrx_word' id='word_1_77' title='bbox 1292 1258 1386 1321; x_wconf 88' lang='lat' dir='ltr'><strong>quom</strong></span> <span class='ocrx_word' id='word_1_78' title='bbox 1409 1258 1504 1322; x_wconf 89' lang='lat' dir='ltr'><strong>quem</strong></span> <span class='ocrx_word' id='word_1_79' title='bbox 1528 1240 1558 1305; x_wconf 90' lang='lat' dir='ltr'><strong>ei</strong></span> <span class='ocrx_word' id='word_1_80' title='bbox 1580 1240 1622 1305; x_wconf 91' lang='lat' dir='ltr'><strong>ad</strong></span> <span class='ocrx_word' id='word_1_81' title='bbox 1638 1259 1707 1306; x_wconf 91' lang='lat' dir='ltr'><strong>ma·</strong></span> 
     </span>
     <span class='ocr_line' id='line_1_10' title="bbox 399 1343 1706 1426; baseline 0.002 -17"><span class='ocrx_word' id='word_1_82' title='bbox 399 1363 459 1409; x_wconf 88' lang='lat' dir='ltr'><strong>nus</strong></span> <span class='ocrx_word' id='word_1_83' title='bbox 481 1343 582 1410; x_wconf 87' lang='lat' dir='ltr'><strong>fuisse</strong></span> <span class='ocrx_word' id='word_1_84' title='bbox 604 1343 772 1425; x_wconf 92' lang='lat' dir='ltr'><strong>probabile</strong></span> <span class='ocrx_word' id='word_1_85' title='bbox 795 1345 854 1423; x_wconf 89' lang='lat' dir='ltr'><strong>sit,</strong></span> <span class='ocrx_word' id='word_1_86' title='bbox 883 1343 984 1426; x_wconf 90' lang='lat' dir='ltr'><strong>probo</strong></span> <span class='ocrx_word' id='word_1_87' title='bbox 1008 1345 1129 1411; x_wconf 89' lang='lat' dir='ltr'><strong>scholio</strong></span> <span class='ocrx_word' id='word_1_88' title='bbox 1153 1344 1315 1410; x_wconf 91' lang='lat' dir='ltr'><strong>adnexuit.</strong></span> <span class='ocrx_word' id='word_1_89' title='bbox 1373 1345 1465 1410; x_wconf 88' lang='lat' dir='ltr'><strong>Vana</strong></span> <span class='ocrx_word' id='word_1_90' title='bbox 1487 1345 1567 1412; x_wconf 88' lang='lat' dir='ltr'><strong>haec</strong></span> <span class='ocrx_word' id='word_1_91' title='bbox 1590 1343 1706 1412; x_wconf 86' lang='lat' dir='ltr'><strong>fuisset</strong></span> 
     </span>
     <span class='ocr_line' id='line_1_11' title="bbox 401 1448 1708 1532; baseline 0.002 -18"><span class='ocrx_word' id='word_1_92' title='bbox 401 1448 577 1515; x_wconf 88' lang='lat' dir='ltr'><strong>ostentatio</strong></span> <span class='ocrx_word' id='word_1_93' title='bbox 601 1449 777 1515; x_wconf 87' lang='lat' dir='ltr'><strong>doctrinae.</strong></span> <span class='ocrx_word' id='word_1_94' title='bbox 833 1450 934 1515; x_wconf 90' lang='lat' dir='ltr'><strong>Immo</strong></span> <span class='ocrx_word' id='word_1_95' title='bbox 965 1450 1052 1515; x_wconf 88' lang='lat' dir='ltr'><strong>idern</strong></span> <span class='ocrx_word' id='word_1_96' title='bbox 1086 1451 1180 1516; x_wconf 91' lang='lat' dir='ltr'><strong>homo</strong></span> <span class='ocrx_word' id='word_1_97' title='bbox 1202 1450 1416 1532; x_wconf 85' lang='lat' dir='ltr'><strong>Byzantinus,</strong></span> <span class='ocrx_word' id='word_1_98' title='bbox 1441 1450 1495 1531; x_wconf 92' lang='lat' dir='ltr'><strong>qui</strong></span> <span class='ocrx_word' id='word_1_99' title='bbox 1526 1450 1568 1516; x_wconf 90' lang='lat' dir='ltr'><strong>ad</strong></span> <span class='ocrx_word' id='word_1_100' title='bbox 1597 1468 1708 1517; x_wconf 88' lang='lat' dir='ltr'><strong>vocem</strong></span> 
     </span>
     <span class='ocr_line' id='line_1_12' title="bbox 401 1552 1706 1638; baseline 0.003 -22"><span class='ocrx_word' id='word_1_101' title='bbox 401 1552 536 1616; x_wconf 83' lang='grc' dir='ltr'>συσσίτια</span> <span class='ocrx_word' id='word_1_102' title='bbox 559 1553 777 1636; x_wconf 87' lang='lat' dir='ltr'><strong>adnotatione,</strong></span> <span class='ocrx_word' id='word_1_103' title='bbox 801 1573 864 1635; x_wconf 89' lang='lat' dir='ltr'><strong>qua</strong></span> <span class='ocrx_word' id='word_1_104' title='bbox 885 1554 919 1619; x_wconf 95' lang='lat' dir='ltr'><strong>in</strong></span> <span class='ocrx_word' id='word_1_105' title='bbox 941 1554 1052 1620; x_wconf 89' lang='lat' dir='ltr'><strong>schola</strong></span> <span class='ocrx_word' id='word_1_106' title='bbox 1075 1554 1215 1620; x_wconf 85' lang='lat' dir='ltr'><strong>fortasse</strong></span> <span class='ocrx_word' id='word_1_107' title='bbox 1238 1560 1351 1637; x_wconf 90' lang='lat' dir='ltr'><strong>posset</strong></span> <span class='ocrx_word' id='word_1_108' title='bbox 1369 1555 1427 1638; x_wconf 94' lang='lat' dir='ltr'><strong>uti,</strong></span> <span class='ocrx_word' id='word_1_109' title='bbox 1451 1573 1531 1636; x_wconf 92' lang='lat' dir='ltr'><strong>opus</strong></span> <span class='ocrx_word' id='word_1_110' title='bbox 1555 1573 1627 1621; x_wconf 89' lang='lat' dir='ltr'><strong>esse</strong></span> <span class='ocrx_word' id='word_1_111' title='bbox 1642 1556 1706 1621; x_wconf 90' lang='lat' dir='ltr'><strong>exi·</strong></span> 
     </span>
     <span class='ocr_line' id='line_1_13' title="bbox 402 1656 1706 1743; baseline 0.002 -20"><span class='ocrx_word' id='word_1_112' title='bbox 402 1656 574 1740; x_wconf 88' lang='lat' dir='ltr'><strong>stimabat,</strong></span> <span class='ocrx_word' id='word_1_113' title='bbox 609 1658 716 1723; x_wconf 89' lang='lat' dir='ltr'><strong>omnia</strong></span> <span class='ocrx_word' id='word_1_114' title='bbox 744 1659 800 1723; x_wconf 88' lang='lat' dir='ltr'><strong>illa</strong></span> <span class='ocrx_word' id='word_1_115' title='bbox 832 1658 1021 1740; x_wconf 88' lang='lat' dir='ltr'><strong>adposuisse</strong></span> <span class='ocrx_word' id='word_1_116' title='bbox 1051 1659 1230 1726; x_wconf 89' lang='lat' dir='ltr'><strong>censendus</strong></span> <span class='ocrx_word' id='word_1_117' title='bbox 1264 1665 1329 1743; x_wconf 90' lang='lat' dir='ltr'><strong>est,</strong></span> <span class='ocrx_word' id='word_1_118' title='bbox 1364 1678 1447 1742; x_wconf 87' lang='lat' dir='ltr'><strong>quae</strong></span> <span class='ocrx_word' id='word_1_119' title='bbox 1469 1677 1527 1724; x_wconf 91' lang='lat' dir='ltr'><strong>nos</strong></span> <span class='ocrx_word' id='word_1_120' title='bbox 1550 1659 1706 1726; x_wconf 88' lang='lat' dir='ltr'><strong>adnotata</strong></span> 
     </span>
     <span class='ocr_line' id='line_1_14' title="bbox 401 1761 1706 1848; baseline 0.003 -22"><span class='ocrx_word' id='word_1_121' title='bbox 401 1781 483 1827; x_wconf 87' lang='lat' dir='ltr'><strong>nunc</strong></span> <span class='ocrx_word' id='word_1_122' title='bbox 505 1762 653 1846; x_wconf 88' lang='lat' dir='ltr'><strong>legimus.</strong></span> <span class='ocrx_word' id='word_1_123' title='bbox 676 1800 719 1810; x_wconf 78' lang='lat'><strong>-—</strong></span> <span class='ocrx_word' id='word_1_124' title='bbox 751 1762 871 1828; x_wconf 86' lang='lat' dir='ltr'><strong>Verum</strong></span> <span class='ocrx_word' id='word_1_125' title='bbox 903 1764 1033 1845; x_wconf 91' lang='lat' dir='ltr'><strong>quidem</strong></span> <span class='ocrx_word' id='word_1_126' title='bbox 1056 1770 1107 1829; x_wconf 92' lang='lat' dir='ltr'><strong>est</strong></span> <span class='ocrx_word' id='word_1_127' title='bbox 1129 1762 1229 1828; x_wconf 89' lang='lat' dir='ltr'><strong>verba</strong></span> <span class='ocrx_word' id='word_1_128' title='bbox 1251 1763 1328 1848; x_wconf 72' lang='grc' dir='ltr'>ἦσαν</span> <span class='ocrx_word' id='word_1_129' title='bbox 1353 1761 1386 1826; x_wconf 83' lang='grc' dir='ltr'><strong>δὲ</strong></span> <span class='ocrx_word' id='word_1_130' title='bbox 1405 1763 1466 1826; x_wconf 73' lang='lat' dir='ltr'><strong>aci.</strong></span> <span class='ocrx_word' id='word_1_131' title='bbox 1499 1781 1631 1844; x_wconf 90' lang='lat' dir='ltr'><strong>prorsus</strong></span> <span class='ocrx_word' id='word_1_132' title='bbox 1653 1782 1706 1830; x_wconf 90' lang='lat' dir='ltr'><strong>su-</strong></span> 
     </span>
     <span class='ocr_line' id='line_1_15' title="bbox 399 1867 1706 1951; baseline 0.003 -21"><span class='ocrx_word' id='word_1_133' title='bbox 399 1885 601 1948; x_wconf 87' lang='lat' dir='ltr'><strong>pervacanea</strong></span> <span class='ocrx_word' id='word_1_134' title='bbox 624 1885 716 1950; x_wconf 89' lang='lat' dir='ltr'><strong>esse,</strong></span> <span class='ocrx_word' id='word_1_135' title='bbox 751 1887 855 1950; x_wconf 91' lang='lat' dir='ltr'><strong>neque</strong></span> <span class='ocrx_word' id='word_1_136' title='bbox 885 1868 1059 1950; x_wconf 89' lang='lat' dir='ltr'><strong>quidquam</strong></span> <span class='ocrx_word' id='word_1_137' title='bbox 1090 1867 1199 1934; x_wconf 84' lang='lat' dir='ltr'><strong>lacere</strong></span> <span class='ocrx_word' id='word_1_138' title='bbox 1223 1868 1264 1933; x_wconf 89' lang='lat' dir='ltr'><strong>ad</strong></span> <span class='ocrx_word' id='word_1_139' title='bbox 1287 1887 1408 1933; x_wconf 87' lang='lat' dir='ltr'><strong>cenam.</strong></span> <span class='ocrx_word' id='word_1_140' title='bbox 1467 1867 1532 1934; x_wconf 86' lang='lat' dir='ltr'><strong>Sed</strong></span> <span class='ocrx_word' id='word_1_141' title='bbox 1554 1868 1706 1951; x_wconf 92' lang='lat' dir='ltr'><strong>numquid</strong></span> 
     </span>
     <span class='ocr_line' id='line_1_16' title="bbox 401 1971 1705 2057; baseline 0.002 -21"><span class='ocrx_word' id='word_1_142' title='bbox 401 1971 489 2036; x_wconf 90' lang='lat' dir='ltr'><strong>aliud</strong></span> <span class='ocrx_word' id='word_1_143' title='bbox 510 1971 585 2036; x_wconf 91' lang='lat' dir='ltr'><strong>inde</strong></span> <span class='ocrx_word' id='word_1_144' title='bbox 608 1971 833 2038; x_wconf 90' lang='lat' dir='ltr'><strong>concludemus</strong></span> <span class='ocrx_word' id='word_1_145' title='bbox 863 1973 925 2037; x_wconf 92' lang='lat' dir='ltr'><strong>nisi</strong></span> <span class='ocrx_word' id='word_1_146' title='bbox 954 1973 1161 2038; x_wconf 86' lang='lat' dir='ltr'><strong>scholiastam</strong></span> <span class='ocrx_word' id='word_1_147' title='bbox 1185 1973 1250 2038; x_wconf 87' lang='lat' dir='ltr'><strong>iam</strong></span> <span class='ocrx_word' id='word_1_148' title='bbox 1272 1992 1335 2037; x_wconf 90' lang='lat' dir='ltr'><strong>non</strong></span> <span class='ocrx_word' id='word_1_149' title='bbox 1356 1991 1448 2038; x_wconf 89' lang='lat' dir='ltr'><strong>usum</strong></span> <span class='ocrx_word' id='word_1_150' title='bbox 1472 1991 1544 2038; x_wconf 88' lang='lat' dir='ltr'><strong>esse</strong></span> <span class='ocrx_word' id='word_1_151' title='bbox 1567 1974 1705 2057; x_wconf 86' lang='lat' dir='ltr'><strong>genuino</strong></span> 
     </span>
     <span class='ocr_line' id='line_1_17' title="bbox 404 2073 1705 2160; baseline 0.002 -21"><span class='ocrx_word' id='word_1_152' title='bbox 404 2073 546 2158; x_wconf 83' lang='lat' dir='ltr'><strong>Sosibio,</strong></span> <span class='ocrx_word' id='word_1_153' title='bbox 582 2076 640 2141; x_wconf 88' lang='lat' dir='ltr'><strong>sed</strong></span> <span class='ocrx_word' id='word_1_154' title='bbox 663 2077 824 2158; x_wconf 86' lang='lat' dir='ltr'><strong>excerptis</strong></span> <span class='ocrx_word' id='word_1_155' title='bbox 846 2081 972 2142; x_wconf 89' lang='lat' dir='ltr'><strong>tantum</strong></span> <span class='ocrx_word' id='word_1_156' title='bbox 996 2096 1035 2143; x_wconf 87' lang='lat' dir='ltr'><strong>ex</strong></span> <span class='ocrx_word' id='word_1_157' title='bbox 1058 2078 1126 2142; x_wconf 89' lang='lat' dir='ltr'><strong>eius</strong></span> <span class='ocrx_word' id='word_1_158' title='bbox 1149 2077 1189 2142; x_wconf 91' lang='lat' dir='ltr'><strong>de</strong></span> <span class='ocrx_word' id='word_1_159' title='bbox 1212 2077 1541 2144; x_wconf 90' lang='lat' dir='ltr'><strong>Lacedaemoniorum</strong></span> <span class='ocrx_word' id='word_1_160' title='bbox 1568 2077 1705 2160; x_wconf 88' lang='lat' dir='ltr'><strong>antiqui-</strong></span> 
     </span>
     <span class='ocr_line' id='line_1_18' title="bbox 399 2179 1705 2265; baseline 0.003 -23"><span class='ocrx_word' id='word_1_161' title='bbox 399 2179 522 2244; x_wconf 83' lang='lat' dir='ltr'><strong>tatibus</strong></span> <span class='ocrx_word' id='word_1_162' title='bbox 546 2179 628 2245; x_wconf 90' lang='lat' dir='ltr'><strong>libro</strong></span> <span class='ocrx_word' id='word_1_163' title='bbox 653 2179 750 2246; x_wconf 87' lang='lat' dir='ltr'><strong>factis</strong></span> <span class='ocrx_word' id='word_1_164' title='bbox 774 2187 871 2263; x_wconf 88' lang='lat' dir='ltr'><strong>atque</strong></span> <span class='ocrx_word' id='word_1_165' title='bbox 893 2182 941 2246; x_wconf 89' lang='lat' dir='ltr'><strong>ita</strong></span> <span class='ocrx_word' id='word_1_166' title='bbox 964 2183 1066 2263; x_wconf 89' lang='lat' dir='ltr'><strong>ipsius</strong></span> <span class='ocrx_word' id='word_1_167' title='bbox 1088 2181 1297 2265; x_wconf 83' lang='lat' dir='ltr'><strong>neglegentia</strong></span> <span class='ocrx_word' id='word_1_168' title='bbox 1320 2182 1442 2247; x_wconf 85' lang='lat' dir='ltr'><strong>lactum</strong></span> <span class='ocrx_word' id='word_1_169' title='bbox 1466 2200 1555 2264; x_wconf 90' lang='lat' dir='ltr'><strong>esse,</strong></span> <span class='ocrx_word' id='word_1_170' title='bbox 1586 2188 1705 2248; x_wconf 91' lang='lat' dir='ltr'><strong>utnon</strong></span> 
     </span>
     <span class='ocr_line' id='line_1_19' title="bbox 400 2284 1705 2368; baseline 0.002 -19"><span class='ocrx_word' id='word_1_171' title='bbox 400 2284 501 2349; x_wconf 90' lang='lat' dir='ltr'><strong>solum</strong></span> <span class='ocrx_word' id='word_1_172' title='bbox 525 2285 662 2349; x_wconf 88' lang='lat' dir='ltr'><strong>cenandi</strong></span> <span class='ocrx_word' id='word_1_173' title='bbox 695 2285 957 2350; x_wconf 86' lang='lat' dir='ltr'><strong>consuetudinem</strong></span> <span class='ocrx_word' id='word_1_174' title='bbox 990 2285 1047 2351; x_wconf 87' lang='lat' dir='ltr'><strong>sed</strong></span> <span class='ocrx_word' id='word_1_175' title='bbox 1079 2285 1283 2351; x_wconf 89' lang='lat' dir='ltr'><strong>describendi</strong></span> <span class='ocrx_word' id='word_1_176' title='bbox 1313 2287 1379 2351; x_wconf 88' lang='lat' dir='ltr'><strong>acri</strong></span> <span class='ocrx_word' id='word_1_177' title='bbox 1414 2286 1521 2352; x_wconf 88' lang='lat' dir='ltr'><strong>studio</strong></span> <span class='ocrx_word' id='word_1_178' title='bbox 1553 2285 1705 2368; x_wconf 86' lang='lat' dir='ltr'><strong>abreptus</strong></span> 
     </span>
     <span class='ocr_line' id='line_1_20' title="bbox 400 2389 1703 2470; baseline 0 -16"><span class='ocrx_word' id='word_1_179' title='bbox 400 2389 500 2454; x_wconf 90' lang='lat' dir='ltr'><strong>etism</strong></span> <span class='ocrx_word' id='word_1_180' title='bbox 521 2389 740 2454; x_wconf 88' lang='lat' dir='ltr'><strong>narrationem</strong></span> <span class='ocrx_word' id='word_1_181' title='bbox 771 2409 853 2470; x_wconf 86' lang='lat' dir='ltr'><strong>quae</strong></span> <span class='ocrx_word' id='word_1_182' title='bbox 884 2391 924 2455; x_wconf 89' lang='lat' dir='ltr'><strong>de</strong></span> <span class='ocrx_word' id='word_1_183' title='bbox 947 2391 1036 2456; x_wconf 89' lang='lat' dir='ltr'><strong>chori</strong></span> <span class='ocrx_word' id='word_1_184' title='bbox 1058 2390 1208 2456; x_wconf 90' lang='lat' dir='ltr'><strong>instituto</strong></span> <span class='ocrx_word' id='word_1_185' title='bbox 1232 2397 1304 2456; x_wconf 87' lang='lat' dir='ltr'><strong>erat</strong></span> <span class='ocrx_word' id='word_1_186' title='bbox 1325 2396 1357 2455; x_wconf 93' lang='lat' dir='ltr'><strong>et</strong></span> <span class='ocrx_word' id='word_1_187' title='bbox 1386 2389 1542 2453; x_wconf 78' lang='grc' dir='ltr'>συσσιτίων</span> <span class='ocrx_word' id='word_1_188' title='bbox 1565 2390 1703 2456; x_wconf 90' lang='lat' dir='ltr'><strong>instituti</strong></span> 
     </span>
     <span class='ocr_line' id='line_1_21' title="bbox 400 2494 1699 2578; baseline 0 -20"><span class='ocrx_word' id='word_1_189' title='bbox 400 2494 752 2576; x_wconf 86' lang='lat' dir='ltr'><strong>commemorationem,</strong></span> <span class='ocrx_word' id='word_1_190' title='bbox 783 2499 820 2560; x_wconf 95' lang='lat' dir='ltr'><strong>ut</strong></span> <span class='ocrx_word' id='word_1_191' title='bbox 841 2494 987 2578; x_wconf 88' lang='lat' dir='ltr'><strong>videtur,</strong></span> <span class='ocrx_word' id='word_1_192' title='bbox 1009 2495 1042 2558; x_wconf 93' lang='lat' dir='ltr'><strong>in</strong></span> <span class='ocrx_word' id='word_1_193' title='bbox 1065 2495 1227 2576; x_wconf 85' lang='lat' dir='ltr'><strong>excerptis</strong></span> <span class='ocrx_word' id='word_1_194' title='bbox 1249 2495 1314 2560; x_wconf 89' lang='lat' dir='ltr'><strong>illis</strong></span> <span class='ocrx_word' id='word_1_195' title='bbox 1338 2494 1538 2578; x_wconf 87' lang='lat' dir='ltr'><strong>excipiebat,</strong></span> <span class='ocrx_word' id='word_1_196' title='bbox 1569 2495 1611 2560; x_wconf 90' lang='lat' dir='ltr'><strong>ad</strong></span> <span class='ocrx_word' id='word_1_197' title='bbox 1632 2495 1699 2558; x_wconf 89' lang='lat' dir='ltr'><strong>Pla·</strong></span> 
     </span>
     <span class='ocr_line' id='line_1_22' title="bbox 399 2597 1699 2682; baseline 0.002 -22"><span class='ocrx_word' id='word_1_198' title='bbox 399 2598 485 2662; x_wconf 91' lang='lat' dir='ltr'><strong>tonis</strong></span> <span class='ocrx_word' id='word_1_199' title='bbox 509 2598 615 2664; x_wconf 90' lang='lat' dir='ltr'><strong>locum</strong></span> <span class='ocrx_word' id='word_1_200' title='bbox 637 2597 778 2664; x_wconf 87' lang='lat' dir='ltr'><strong>afferret.</strong></span> <span class='ocrx_word' id='word_1_201' title='bbox 836 2598 957 2677; x_wconf 81' lang='lat' dir='ltr'><strong>Quodsi</strong></span> <span class='ocrx_word' id='word_1_202' title='bbox 980 2600 1061 2665; x_wconf 89' lang='lat' dir='ltr'><strong>haec</strong></span> <span class='ocrx_word' id='word_1_203' title='bbox 1084 2620 1160 2666; x_wconf 88' lang='lat' dir='ltr'><strong>vera</strong></span> <span class='ocrx_word' id='word_1_204' title='bbox 1190 2600 1369 2682; x_wconf 88' lang='lat' dir='ltr'><strong>disputavi,</strong></span> <span class='ocrx_word' id='word_1_205' title='bbox 1404 2618 1467 2665; x_wconf 92' lang='lat' dir='ltr'><strong>non</strong></span> <span class='ocrx_word' id='word_1_206' title='bbox 1491 2605 1542 2665; x_wconf 91' lang='lat' dir='ltr'><strong>est</strong></span> <span class='ocrx_word' id='word_1_207' title='bbox 1565 2599 1699 2680; x_wconf 91' lang='lat' dir='ltr'><strong>dubium,</strong></span> 
     </span>
     <span class='ocr_line' id='line_1_23' title="bbox 400 2701 1703 2788; baseline 0 -21"><span class='ocrx_word' id='word_1_208' title='bbox 400 2701 476 2784; x_wconf 89' lang='lat' dir='ltr'><strong>quin</strong></span> <span class='ocrx_word' id='word_1_209' title='bbox 498 2701 691 2768; x_wconf 89' lang='lat' dir='ltr'><strong>Plutarchus</strong></span> <span class='ocrx_word' id='word_1_210' title='bbox 714 2721 839 2785; x_wconf 89' lang='lat' dir='ltr'><strong>quoque</strong></span> <span class='ocrx_word' id='word_1_211' title='bbox 861 2704 894 2768; x_wconf 94' lang='lat' dir='ltr'><strong>in</strong></span> <span class='ocrx_word' id='word_1_212' title='bbox 916 2704 1003 2770; x_wconf 88' lang='lat' dir='ltr'><strong>vitae</strong></span> <span class='ocrx_word' id='word_1_213' title='bbox 1025 2705 1166 2788; x_wconf 86' lang='lat' dir='ltr'><strong>Lycurgi</strong></span> <span class='ocrx_word' id='word_1_214' title='bbox 1195 2705 1303 2786; x_wconf 88' lang='lat' dir='ltr'><strong>capite</strong></span> <span class='ocrx_word' id='word_1_215' title='bbox 1333 2708 1390 2786; x_wconf 85' lang='lat'><strong>21,</strong></span> <span class='ocrx_word' id='word_1_216' title='bbox 1424 2703 1481 2769; x_wconf 94' lang='lat' dir='ltr'><strong>ubi</strong></span> <span class='ocrx_word' id='word_1_217' title='bbox 1513 2705 1703 2770; x_wconf 88' lang='lat' dir='ltr'><strong>mentionem</strong></span> 
     </span>
     <span class='ocr_line' id='line_1_24' title="bbox 401 2804 1703 2895; baseline 0.001 -24"><span class='ocrx_word' id='word_1_218' title='bbox 401 2804 479 2871; x_wconf 86' lang='lat' dir='ltr'><strong>facit</strong></span> <span class='ocrx_word' id='word_1_219' title='bbox 502 2806 671 2872; x_wconf 88' lang='lat' dir='ltr'><strong>chororum</strong></span> <span class='ocrx_word' id='word_1_220' title='bbox 695 2813 818 2886; x_wconf 80' lang='lat' dir='ltr'><strong>centua,</strong></span> <span class='ocrx_word' id='word_1_221' title='bbox 843 2827 861 2873; x_wconf 92' lang='lat' dir='ltr'><strong>e</strong></span> <span class='ocrx_word' id='word_1_222' title='bbox 884 2808 1010 2874; x_wconf 90' lang='lat' dir='ltr'><strong>Sosibio</strong></span> <span class='ocrx_word' id='word_1_223' title='bbox 1033 2810 1174 2890; x_wconf 91' lang='lat' dir='ltr'><strong>pendeat</strong></span> <span class='ocrx_word' id='word_1_224' title='bbox 1188 2809 1230 2895; x_wconf 81' lang='lat'><strong>¹);</strong></span> <span class='ocrx_word' id='word_1_225' title='bbox 1263 2815 1370 2874; x_wconf 89' lang='lat' dir='ltr'><strong>utrum</strong></span> <span class='ocrx_word' id='word_1_226' title='bbox 1391 2827 1467 2873; x_wconf 89' lang='lat' dir='ltr'><strong>vero</strong></span> <span class='ocrx_word' id='word_1_227' title='bbox 1490 2809 1610 2890; x_wconf 90' lang='lat' dir='ltr'><strong>integri</strong></span> <span class='ocrx_word' id='word_1_228' title='bbox 1632 2808 1703 2872; x_wconf 93' lang='lat' dir='ltr'><strong>Plu-</strong></span> 
     </span>
     <span class='ocr_line' id='line_1_25' title="bbox 399 2910 1704 2992; baseline 0.002 -17"><span class='ocrx_word' id='word_1_229' title='bbox 399 2911 506 2976; x_wconf 88' lang='lat' dir='ltr'><strong>tarchi</strong></span> <span class='ocrx_word' id='word_1_230' title='bbox 528 2911 726 2992; x_wconf 91' lang='lat' dir='ltr'><strong>temporibus</strong></span> <span class='ocrx_word' id='word_1_231' title='bbox 749 2913 817 2978; x_wconf 89' lang='lat' dir='ltr'><strong>cius</strong></span> <span class='ocrx_word' id='word_1_232' title='bbox 840 2912 914 2977; x_wconf 92' lang='lat' dir='ltr'><strong>libri</strong></span> <span class='ocrx_word' id='word_1_233' title='bbox 937 2913 1067 2992; x_wconf 86' lang='lat' dir='ltr'><strong>fuerint,</strong></span> <span class='ocrx_word' id='word_1_234' title='bbox 1091 2933 1132 2978; x_wconf 89' lang='lat' dir='ltr'><strong>an</strong></span> <span class='ocrx_word' id='word_1_235' title='bbox 1154 2914 1277 2979; x_wconf 90' lang='lat' dir='ltr'><strong>iamin</strong></span> <span class='ocrx_word' id='word_1_236' title='bbox 1301 2912 1482 2978; x_wconf 89' lang='lat' dir='ltr'><strong>breviorem</strong></span> <span class='ocrx_word' id='word_1_237' title='bbox 1506 2911 1643 2977; x_wconf 84' lang='lat' dir='ltr'><strong>formam</strong></span> <span class='ocrx_word' id='word_1_238' title='bbox 1665 2910 1704 2977; x_wconf 89' lang='lat' dir='ltr'><strong>ab</strong></span> 
     </span>
     <span class='ocr_line' id='line_1_26' title="bbox 401 3015 1704 3100; baseline -0.001 -20"><span class='ocrx_word' id='word_1_239' title='bbox 401 3021 588 3097; x_wconf 86' lang='lat' dir='ltr'><strong>excerptore</strong></span> <span class='ocrx_word' id='word_1_240' title='bbox 610 3016 754 3098; x_wconf 88' lang='lat' dir='ltr'><strong>redacti,</strong></span> <span class='ocrx_word' id='word_1_241' title='bbox 792 3017 895 3084; x_wconf 86' lang='lat' dir='ltr'><strong>adhuc</strong></span> <span class='ocrx_word' id='word_1_242' title='bbox 929 3019 1113 3099; x_wconf 89' lang='lat' dir='ltr'><strong>disceptare</strong></span> <span class='ocrx_word' id='word_1_243' title='bbox 1136 3037 1277 3100; x_wconf 90' lang='lat' dir='ltr'><strong>nequeo,</strong></span> <span class='ocrx_word' id='word_1_244' title='bbox 1311 3035 1504 3099; x_wconf 86' lang='lat' dir='ltr'><strong>quamquam</strong></span> <span class='ocrx_word' id='word_1_245' title='bbox 1526 3017 1605 3081; x_wconf 93' lang='lat' dir='ltr'><strong>illud</strong></span> <span class='ocrx_word' id='word_1_246' title='bbox 1628 3015 1704 3080; x_wconf 92' lang='lat' dir='ltr'><strong>mihi</strong></span> 
     </span>
    </p>
   </div>
   <div class='ocr_carea' id='block_1_3' title="bbox 399 3119 1703 3397">
    <p class='ocr_par' dir='ltr' id='par_1_3' title="bbox 399 3119 1703 3397">
     <span class='ocr_line' id='line_1_27' title="bbox 399 3119 1703 3208; baseline -0.002 -24"><span class='ocrx_word' id='word_1_247' title='bbox 399 3119 467 3185; x_wconf 83' lang='lat' dir='ltr'><strong>veri</strong></span> <span class='ocrx_word' id='word_1_248' title='bbox 491 3120 594 3185; x_wconf 88' lang='lat' dir='ltr'><strong>simile</strong></span> <span class='ocrx_word' id='word_1_249' title='bbox 617 3139 680 3186; x_wconf 93' lang='lat' dir='ltr'><strong>non</strong></span> <span class='ocrx_word' id='word_1_250' title='bbox 702 3122 830 3187; x_wconf 88' lang='lat' dir='ltr'><strong>videtur</strong></span> <span class='ocrx_word' id='word_1_251' title='bbox 852 3121 906 3208; x_wconf 89' lang='lat' dir='ltr'><strong>(oi.</strong></span> <span class='ocrx_word' id='word_1_252' title='bbox 929 3121 1014 3187; x_wconf 87' lang='lat' dir='ltr'><strong>infra</strong></span> <span class='ocrx_word' id='word_1_253' title='bbox 1038 3143 1068 3203; x_wconf 91' lang='lat' dir='ltr'><strong>p.</strong></span> <span class='ocrx_word' id='word_1_254' title='bbox 1095 3121 1158 3207; x_wconf 86' lang='lat'>17).</span> <span class='ocrx_word' id='word_1_255' title='bbox 1212 3123 1296 3186; x_wconf 87' lang='lat' dir='ltr'><strong>Ecce</strong></span> <span class='ocrx_word' id='word_1_256' title='bbox 1320 3126 1456 3186; x_wconf 91' lang='lat' dir='ltr'><strong>stemma</strong></span> <span class='ocrx_word' id='word_1_257' title='bbox 1479 3119 1635 3186; x_wconf 88' lang='lat' dir='ltr'><strong>subiciam</strong></span> <span class='ocrx_word' id='word_1_258' title='bbox 1657 3121 1703 3184; x_wconf 94' lang='lat' dir='ltr'><strong>in-</strong></span> 
     </span>
     <span class='ocr_line' id='line_1_28' title="bbox 399 3224 1702 3309; baseline 0 -21"><span class='ocrx_word' id='word_1_259' title='bbox 399 3224 508 3290; x_wconf 89' lang='lat' dir='ltr'><strong>stituti</strong></span> <span class='ocrx_word' id='word_1_260' title='bbox 529 3224 682 3290; x_wconf 90' lang='lat' dir='ltr'><strong>Laconici</strong></span> <span class='ocrx_word' id='word_1_261' title='bbox 704 3225 792 3291; x_wconf 88' lang='lat' dir='ltr'><strong>nulla</strong></span> <span class='ocrx_word' id='word_1_262' title='bbox 813 3227 940 3292; x_wconf 89' lang='lat' dir='ltr'><strong>ratione</strong></span> <span class='ocrx_word' id='word_1_263' title='bbox 964 3225 1086 3308; x_wconf 88' lang='lat' dir='ltr'><strong>habita,</strong></span> <span class='ocrx_word' id='word_1_264' title='bbox 1110 3227 1194 3309; x_wconf 89' lang='lat' dir='ltr'><strong>quod</strong></span> <span class='ocrx_word' id='word_1_265' title='bbox 1217 3226 1378 3304; x_wconf 88' lang='lat' dir='ltr'><strong>illustret,</strong></span> <span class='ocrx_word' id='word_1_266' title='bbox 1402 3245 1460 3306; x_wconf 90' lang='lat' dir='ltr'><strong>per</strong></span> <span class='ocrx_word' id='word_1_267' title='bbox 1483 3243 1562 3306; x_wconf 89' lang='lat' dir='ltr'><strong>quos</strong></span> <span class='ocrx_word' id='word_1_268' title='bbox 1584 3224 1702 3289; x_wconf 89' lang='lat' dir='ltr'><strong>rivulos</strong></span> 
     </span>
     <span class='ocr_line' id='line_1_29' title="bbox 401 3327 1526 3397; baseline -0.001 -2"><span class='ocrx_word' id='word_1_269' title='bbox 401 3328 581 3395; x_wconf 87' lang='lat' dir='ltr'><strong>doctrinam</strong></span> <span class='ocrx_word' id='word_1_270' title='bbox 605 3327 808 3396; x_wconf 89' lang='lat' dir='ltr'><strong>Sosibianam</strong></span> <span class='ocrx_word' id='word_1_271' title='bbox 831 3331 873 3396; x_wconf 91' lang='lat' dir='ltr'><strong>ad</strong></span> <span class='ocrx_word' id='word_1_272' title='bbox 896 3336 1040 3396; x_wconf 89' lang='lat' dir='ltr'><strong>nostram</strong></span> <span class='ocrx_word' id='word_1_273' title='bbox 1064 3335 1208 3397; x_wconf 89' lang='lat' dir='ltr'><strong>aetatem</strong></span> <span class='ocrx_word' id='word_1_274' title='bbox 1230 3349 1305 3397; x_wconf 89' lang='lat' dir='ltr'><strong>rear</strong></span> <span class='ocrx_word' id='word_1_275' title='bbox 1327 3330 1526 3395; x_wconf 87' lang='lat' dir='ltr'><strong>manavisse:</strong></span> 
     </span>
    </p>
   </div>
   <div class='ocr_carea' id='block_1_4' title="bbox 923 3464 1187 3531">
    <p class='ocr_par' dir='ltr' id='par_1_4' title="bbox 923 3464 1187 3531">
     <span class='ocr_line' id='line_1_30' title="bbox 923 3464 1187 3531; baseline -0.004 0"><span class='ocrx_word' id='word_1_276' title='bbox 923 3464 1069 3531; x_wconf 91' lang='lat' dir='ltr'><strong>Sosibius</strong></span> <span class='ocrx_word' id='word_1_277' title='bbox 1091 3466 1187 3531; x_wconf 91' lang='lat' dir='ltr'><strong>Laco.</strong></span> 
     </span>
    </p>
   </div>
   <div class='ocr_carea' id='block_1_5' title="bbox 644 3559 1462 3710">
    <p class='ocr_par' dir='ltr' id='par_1_5' title="bbox 644 3559 1462 3710">
     <span class='ocr_line' id='line_1_31' title="bbox 644 3559 1462 3710; baseline -0.002 0"><span class='ocrx_word' id='word_1_278' title='bbox 644 3559 1462 3710; x_wconf 26' lang='lat' dir='ltr'><strong>JK</strong></span> 
     </span>
    </p>
   </div>
   <div class='ocr_carea' id='block_1_6' title="bbox 399 3684 1716 3998">
    <p class='ocr_par' dir='ltr' id='par_1_6' title="bbox 399 3684 1716 3998">
     <span class='ocr_line' id='line_1_32' title="bbox 399 3684 1702 3830; baseline -0.003 -31"><span class='ocrx_word' id='word_1_279' title='bbox 399 3684 556 3830; x_wconf 67' lang='lat' dir='ltr'><strong>Didymus</strong></span> <span class='ocrx_word' id='word_1_280' title='bbox 580 3730 645 3816; x_wconf 88' lang='lat' dir='ltr'><strong>(vel</strong></span> <span class='ocrx_word' id='word_1_281' title='bbox 669 3730 866 3817; x_wconf 89' lang='lat' dir='ltr'><strong>Tarrhaeus)</strong></span> <span class='ocrx_word' id='word_1_282' title='bbox 1216 3730 1359 3796; x_wconf 90' lang='lat' dir='ltr'><strong>incertus</strong></span> <span class='ocrx_word' id='word_1_283' title='bbox 1382 3729 1511 3813; x_wconf 88' lang='lat' dir='ltr'><strong>quidam</strong></span> <span class='ocrx_word' id='word_1_284' title='bbox 1534 3736 1702 3814; x_wconf 88' lang='lat' dir='ltr'><strong>excerptor</strong></span> 
     </span>
     <span class='ocr_line' id='line_1_33' title="bbox 400 3825 1716 3998; baseline 0.003 -20"><span class='ocrx_word' id='word_1_285' title='bbox 400 3912 561 3980; x_wconf 89' lang='lat' dir='ltr'><strong>Zenobius</strong></span> <span class='ocrx_word' id='word_1_286' title='bbox 583 3911 798 3998; x_wconf 89' lang='lat' dir='ltr'><strong>paroemiogr.</strong></span> <span class='ocrx_word' id='word_1_287' title='bbox 951 3825 1144 3892; x_wconf 60' lang='lat' dir='ltr'><strong>Plutamhus</strong></span> <span class='ocrx_word' id='word_1_288' title='bbox 1288 3910 1469 3977; x_wconf 87' lang='lat' dir='ltr'><strong>Scholiasta</strong></span> <span class='ocrx_word' id='word_1_289' title='bbox 1492 3912 1716 3982; x_wconf 86' lang='lat' dir='ltr'><strong>Platonis.</strong></span> 
     </span>
    </p>
   </div>
   <div class='ocr_carea' id='block_1_7' title="bbox 397 4044 1702 4338">
    <p class='ocr_par' dir='ltr' id='par_1_7' title="bbox 397 4044 1702 4338">
     <span class='ocr_line' id='line_1_34' title="bbox 484 4044 1702 4128; baseline -0.003 -16"><span class='ocrx_word' id='word_1_290' title='bbox 484 4047 574 4112; x_wconf 88' lang='lat' dir='ltr'><strong>Haeo</strong></span> <span class='ocrx_word' id='word_1_291' title='bbox 609 4046 714 4112; x_wconf 90' lang='lat' dir='ltr'><strong>omnia</strong></span> <span class='ocrx_word' id='word_1_292' title='bbox 749 4062 941 4128; x_wconf 88' lang='lat' dir='ltr'><strong>quamquam</strong></span> <span class='ocrx_word' id='word_1_293' title='bbox 973 4050 1063 4111; x_wconf 89' lang='lat' dir='ltr'><strong>recte</strong></span> <span class='ocrx_word' id='word_1_294' title='bbox 1096 4044 1175 4109; x_wconf 91' lang='lat' dir='ltr'><strong>mihi</strong></span> <span class='ocrx_word' id='word_1_295' title='bbox 1204 4045 1315 4110; x_wconf 88' lang='lat' dir='ltr'><strong>videor</strong></span> <span class='ocrx_word' id='word_1_296' title='bbox 1347 4044 1559 4128; x_wconf 89' lang='lat' dir='ltr'><strong>disseruisse,</strong></span> <span class='ocrx_word' id='word_1_297' title='bbox 1594 4050 1702 4112; x_wconf 90' lang='lat' dir='ltr'><strong>tamen</strong></span> 
     </span>
     <span class='ocr_line' id='line_1_35' title="bbox 398 4148 1701 4234; baseline -0.002 -17"><span class='ocrx_word' id='word_1_298' title='bbox 398 4168 526 4234; x_wconf 91' lang='lat' dir='ltr'><strong>semper</strong></span> <span class='ocrx_word' id='word_1_299' title='bbox 548 4150 635 4217; x_wconf 88' lang='lat' dir='ltr'><strong>redit</strong></span> <span class='ocrx_word' id='word_1_300' title='bbox 658 4151 772 4218; x_wconf 91' lang='lat' dir='ltr'><strong>eadem</strong></span> <span class='ocrx_word' id='word_1_301' title='bbox 795 4150 952 4233; x_wconf 88' lang='lat' dir='ltr'><strong>quaestio,</strong></span> <span class='ocrx_word' id='word_1_302' title='bbox 975 4151 1060 4216; x_wconf 90' lang='lat' dir='ltr'><strong>unde</strong></span> <span class='ocrx_word' id='word_1_303' title='bbox 1084 4150 1209 4216; x_wconf 87' lang='lat' dir='ltr'><strong>scilicet</strong></span> <span class='ocrx_word' id='word_1_304' title='bbox 1231 4150 1265 4213; x_wconf 93' lang='lat' dir='ltr'><strong>in</strong></span> <span class='ocrx_word' id='word_1_305' title='bbox 1287 4148 1347 4214; x_wconf 90' lang='lat' dir='ltr'><strong>hao</strong></span> <span class='ocrx_word' id='word_1_306' title='bbox 1369 4149 1470 4218; x_wconf 86' lang='lat' dir='ltr'><strong>fontis</strong></span> <span class='ocrx_word' id='word_1_307' title='bbox 1484 4151 1701 4216; x_wconf 87' lang='lat' dir='ltr'><strong>communione</strong></span> 
     </span>
     <span class='ocr_line' id='line_1_36' title="bbox 397 4252 1701 4338; baseline -0.002 -19"><span class='ocrx_word' id='word_1_308' title='bbox 397 4255 480 4322; x_wconf 88' lang='lat' dir='ltr'><strong>mira</strong></span> <span class='ocrx_word' id='word_1_309' title='bbox 500 4254 556 4321; x_wconf 91' lang='lat' dir='ltr'><strong>illa</strong></span> <span class='ocrx_word' id='word_1_310' title='bbox 578 4254 753 4322; x_wconf 89' lang='lat' dir='ltr'><strong>lectionum</strong></span> <span class='ocrx_word' id='word_1_311' title='bbox 775 4255 1005 4338; x_wconf 88' lang='lat' dir='ltr'><strong>discrepantia,</strong></span> <span class='ocrx_word' id='word_1_312' title='bbox 1030 4272 1112 4337; x_wconf 90' lang='lat' dir='ltr'><strong>quae</strong></span> <span class='ocrx_word' id='word_1_313' title='bbox 1136 4259 1187 4320; x_wconf 90' lang='lat' dir='ltr'><strong>est</strong></span> <span class='ocrx_word' id='word_1_314' title='bbox 1209 4253 1242 4318; x_wconf 94' lang='lat' dir='ltr'><strong>in</strong></span> <span class='ocrx_word' id='word_1_315' title='bbox 1264 4271 1361 4320; x_wconf 91' lang='lat' dir='ltr'><strong>versu</strong></span> <span class='ocrx_word' id='word_1_316' title='bbox 1382 4253 1458 4321; x_wconf 88' lang='lat' dir='ltr'><strong>viris</strong></span> <span class='ocrx_word' id='word_1_317' title='bbox 1480 4252 1603 4319; x_wconf 89' lang='lat' dir='ltr'><strong>tributo</strong></span> <span class='ocrx_word' id='word_1_318' title='bbox 1617 4254 1701 4320; x_wconf 89' lang='lat' dir='ltr'><strong>inter</strong></span> 
     </span>
    </p>
   </div>
   <div class='ocr_carea' id='block_1_8' title="bbox 404 4427 687 4440">
    <p class='ocr_par' dir='ltr' id='par_1_8' title="bbox 404 4427 687 4440">
     <span class='ocr_line' id='line_1_37' title="bbox 404 4427 687 4440; baseline -0.004 0"><span class='ocrx_word' id='word_1_319' title='bbox 404 4427 687 4440; x_wconf 66' lang='lat' dir='ltr'><strong>noo———e-——u—</strong></span> 
     </span>
    </p>
   </div>
   <div class='ocr_carea' id='block_1_9' title="bbox 397 4517 1703 4780">
    <p class='ocr_par' dir='ltr' id='par_1_9' title="bbox 397 4517 1703 4780">
     <span class='ocr_line' id='line_1_38' title="bbox 406 4517 1702 4602; baseline 0.001 -21"><span class='ocrx_word' id='word_1_320' title='bbox 406 4517 420 4529; x_wconf 70' lang='grc'><strong>’</strong></span> <span class='ocrx_word' id='word_1_321' title='bbox 471 4528 498 4598; x_wconf 91' lang='grc'><strong>1)</strong></span> <span class='ocrx_word' id='word_1_322' title='bbox 516 4527 561 4582; x_wconf 83' lang='lat' dir='ltr'><strong>Ad</strong></span> <span class='ocrx_word' id='word_1_323' title='bbox 579 4529 662 4584; x_wconf 89' lang='lat' dir='ltr'><strong>alium</strong></span> <span class='ocrx_word' id='word_1_324' title='bbox 681 4530 782 4587; x_wconf 87' lang='lat' dir='ltr'><strong>Sosibii</strong></span> <span class='ocrx_word' id='word_1_325' title='bbox 800 4533 898 4601; x_wconf 89' lang='lat' dir='ltr'><strong>locum,</strong></span> <span class='ocrx_word' id='word_1_326' title='bbox 918 4549 1014 4602; x_wconf 88' lang='lat' dir='ltr'><strong>nempe</strong></span> <span class='ocrx_word' id='word_1_327' title='bbox 1031 4548 1091 4588; x_wconf 88' lang='lat' dir='ltr'><strong>eum</strong></span> <span class='ocrx_word' id='word_1_328' title='bbox 1104 4547 1157 4600; x_wconf 93' lang='lat' dir='ltr'><strong>quo</strong></span> <span class='ocrx_word' id='word_1_329' title='bbox 1171 4527 1204 4584; x_wconf 91' lang='lat' dir='ltr'><strong>de</strong></span> <span class='ocrx_word' id='word_1_330' title='bbox 1216 4528 1421 4600; x_wconf 86' lang='lat' dir='ltr'><strong>gymnopaediis</strong></span> <span class='ocrx_word' id='word_1_331' title='bbox 1434 4529 1571 4597; x_wconf 87' lang='lat' dir='ltr'><strong>exposuit,</strong></span> <span class='ocrx_word' id='word_1_332' title='bbox 1590 4529 1702 4585; x_wconf 89' lang='lat' dir='ltr'><strong>redeunt</strong></span> 
     </span>
     <span class='ocr_line' id='line_1_39' title="bbox 397 4617 1703 4702; baseline -0.002 -29"><span class='ocrx_word' id='word_1_333' title='bbox 397 4632 469 4702; x_wconf 88' lang='lat' dir='ltr'><strong>quae</strong></span> <span class='ocrx_word' id='word_1_334' title='bbox 486 4618 571 4674; x_wconf 88' lang='lat' dir='ltr'><strong>hahet</strong></span> <span class='ocrx_word' id='word_1_335' title='bbox 589 4619 748 4677; x_wconf 79' lang='lat' dir='ltr'><strong>Athenaeus</strong></span> <span class='ocrx_word' id='word_1_336' title='bbox 767 4621 831 4691; x_wconf 90' lang='lat' dir='ltr'><strong>(XV</strong></span> <span class='ocrx_word' id='word_1_337' title='bbox 849 4640 875 4692; x_wconf 87' lang='lat' dir='ltr'><strong>p.</strong></span> <span class='ocrx_word' id='word_1_338' title='bbox 895 4626 947 4678; x_wconf 83' lang='grc'><strong>678</strong></span> <span class='ocrx_word' id='word_1_339' title='bbox 967 4625 1018 4692; x_wconf 85' lang='grc' dir='ltr'><strong>Β.).</strong></span> <span class='ocrx_word' id='word_1_340' title='bbox 1062 4621 1134 4677; x_wconf 84' lang='lat' dir='ltr'><strong>Nam</strong></span> <span class='ocrx_word' id='word_1_341' title='bbox 1152 4618 1229 4673; x_wconf 90' lang='lat' dir='ltr'><strong>nulla</strong></span> <span class='ocrx_word' id='word_1_342' title='bbox 1248 4625 1291 4673; x_wconf 88' lang='lat' dir='ltr'><strong>est</strong></span> <span class='ocrx_word' id='word_1_343' title='bbox 1309 4633 1406 4686; x_wconf 87' lang='lat' dir='ltr'><strong>causa,</strong></span> <span class='ocrx_word' id='word_1_344' title='bbox 1432 4634 1481 4672; x_wconf 89' lang='lat' dir='ltr'><strong>our</strong></span> <span class='ocrx_word' id='word_1_345' title='bbox 1499 4617 1703 4686; x_wconf 82' lang='lat' dir='ltr'><strong>wyttenbachii</strong></span> 
     </span>
     <span class='ocr_line' id='line_1_40' title="bbox 398 4705 1701 4780; baseline -0.002 -18"><span class='ocrx_word' id='word_1_346' title='bbox 398 4707 582 4762; x_wconf 80' lang='lat' dir='ltr'><strong>coniecturam</strong></span> <span class='ocrx_word' id='word_1_347' title='bbox 601 4709 755 4777; x_wconf 87' lang='lat' dir='ltr'><strong>probemus.</strong></span> <span class='ocrx_word' id='word_1_348' title='bbox 793 4713 877 4768; x_wconf 89' lang='lat' dir='ltr'><strong>Immo</strong></span> <span class='ocrx_word' id='word_1_349' title='bbox 898 4713 1069 4780; x_wconf 84' lang='lat' dir='ltr'><strong>Oasaubono,</strong></span> <span class='ocrx_word' id='word_1_350' title='bbox 1089 4711 1135 4780; x_wconf 93' lang='lat' dir='ltr'><strong>qui</strong></span> <span class='ocrx_word' id='word_1_351' title='bbox 1153 4709 1183 4762; x_wconf 85' lang='grc' dir='ltr'><strong>τὸ</strong></span> <span class='ocrx_word' id='word_1_352' title='bbox 1203 4707 1223 4760; x_wconf 81' lang='grc' dir='ltr'><strong>δ’</strong></span> <span class='ocrx_word' id='word_1_353' title='bbox 1237 4707 1262 4770; x_wconf 80' lang='grc' dir='ltr'><strong>ἐξ</strong></span> <span class='ocrx_word' id='word_1_354' title='bbox 1281 4707 1383 4779; x_wconf 83' lang='grc' dir='ltr'>ἀρίστου</span> <span class='ocrx_word' id='word_1_355' title='bbox 1401 4706 1499 4778; x_wconf 78' lang='grc' dir='ltr'>ἀνδρῶν</span> <span class='ocrx_word' id='word_1_356' title='bbox 1517 4713 1607 4762; x_wconf 82' lang='lat' dir='ltr'><strong>mutat</strong></span> <span class='ocrx_word' id='word_1_357' title='bbox 1625 4709 1655 4762; x_wconf 93' lang='lat' dir='ltr'><strong>in</strong></span> <span class='ocrx_word' id='word_1_358' title='bbox 1672 4705 1701 4760; x_wconf 81' lang='grc' dir='ltr'><strong>τὸ</strong></span> 
     </span>
    </p>
   </div>
   <div class='ocr_carea' id='block_1_10' title="bbox 399 4795 1146 4875">
    <p class='ocr_par' dir='ltr' id='par_1_10' title="bbox 399 4795 1146 4875">
     <span class='ocr_line' id='line_1_41' title="bbox 399 4795 1146 4875; baseline 0.004 -24"><span class='ocrx_word' id='word_1_359' title='bbox 399 4795 420 4851; x_wconf 78' lang='grc' dir='ltr'><strong>δ’</strong></span> <span class='ocrx_word' id='word_1_360' title='bbox 441 4795 497 4871; x_wconf 58' lang='lat' dir='ltr'><strong>iffi:</strong></span> <span class='ocrx_word' id='word_1_361' title='bbox 515 4797 623 4870; x_wconf 82' lang='grc' dir='ltr'>ἀρίστων</span> <span class='ocrx_word' id='word_1_362' title='bbox 642 4798 694 4854; x_wconf 84' lang='grc' dir='ltr'>ἀνδ.</span> <span class='ocrx_word' id='word_1_363' title='bbox 715 4803 918 4859; x_wconf 87' lang='lat' dir='ltr'><strong>assentiendum</strong></span> <span class='ocrx_word' id='word_1_364' title='bbox 936 4817 997 4858; x_wconf 88' lang='lat' dir='ltr'><strong>esse</strong></span> <span class='ocrx_word' id='word_1_365' title='bbox 1015 4801 1146 4875; x_wconf 77' lang='lat' dir='ltr'><strong>arbitror.</strong></span> 
     </span>
    </p>
   </div>
   <div class='ocr_carea' id='block_1_11' title="bbox 0 0 1912 5370">
    <p class='ocr_par' dir='ltr' id='par_1_11' title="bbox 0 0 1912 5370">
     <span class='ocr_line' id='line_1_42' title="bbox 0 0 1912 5370; baseline 0 1"><span class='ocrx_word' id='word_1_366' title='bbox 0 0 1912 5370; x_wconf 95' lang='lat' dir='ltr'><strong> </strong></span> 
     </span>
    </p>
   </div>
  </div>
 </body>
</html>
