3814 5370
889 357 908 422 3

313 531 440 598 Deinde
475 528 595 612 optime
626 528 747 596 accidit
776 529 817 594 ad
841 529 1037 594 sententiam
1058 527 1250 596 Volkmanni
1274 520 1539 610 confirmandam,

227 638 312 721 quod
336 642 426 703 certa
440 633 666 715 Xenophontis
689 632 831 716 vestigia
853 633 886 697 iu
909 633 1072 715 excerptis
1094 652 1177 715 quae
1193 632 1350 700 habemus
1368 639 1538 717 apparent,

230 761 335 825 aquo
357 741 450 822 plura
473 738 651 820 sumpsisse
674 755 875 819 anonymum,
899 736 928 802 si
951 737 1078 802 omnino
1102 737 1240 803 aliorum
1262 737 1363 803 libros
1379 737 1539 822 adhibuit,

231 853 406 931 propterea
429 844 525 910 facile
549 843 772 923 suspicaturus
796 843 871 923 eris,
896 842 971 923 quia
995 841 1078 907 libro
1101 842 1258 924 peculiari
1279 843 1335 908 ille
1359 843 1399 908 de
1421 862 1458 908 re
1480 861 1541 924 pu·

232 952 316 1018 blioa
328 948 658 1016 Lacedaemoniorum
681 946 759 1030 egit.
807 945 984 1026 Septimum
1006 945 1106 1026 igitur
1121 952 1308 1028 excerptum
1324 951 1375 1012 est
1398 946 1438 1012 de
1460 964 1538 1028 pue·

231 1075 339 1122 rorum
364 1072 473 1120 amore
497 1053 601 1134 qualis
625 1051 763 1132 Spartae
787 1067 958 1115 concessus
986 1048 1094 1115 fuerit.
1151 1051 1200 1116 De
1233 1069 1295 1132 quo
1325 1068 1408 1132 quae
1438 1049 1539 1118 habet

232 1160 390 1242 Xenopho
414 1159 469 1241 (II,
495 1157 548 1240 13)
571 1154 720 1221 conferas
743 1172 863 1235 quaeso
887 1172 959 1220 cum
980 1154 1203 1220 institutorum
1225 1156 1352 1237 capite:

460 1280 538 1344 Inst.
563 1297 590 1342 c.
616 1284 644 1343 7.
1097 1277 1244 1358 Xenoph.
1266 1277 1286 1344 l.
1311 1296 1337 1342 c.

279 1382 370 1470 Ἐρᾶν
393 1388 452 1446 τῶν
482 1381 535 1466 τὴν
567 1380 668 1467 ψυχὴν
699 1379 870 1443 σπουδαίων
941 1378 981 1446 ‘0
1012 1379 1046 1444 δέ
1075 1380 1252 1466 Λυκοῦργος
1283 1415 1327 1427 -
1360 1381 1386 1443 εἰ
1417 1381 1468 1466 μέν
1497 1405 1540 1454 τις

234 1489 348 1553 παίδων
372 1487 479 1578 ἐφίετο,
501 1483 534 1548 τὸ
559 1483 592 1548 δὲ
608 1482 786 1570 πλησιάζειν
805 1485 870 1547 oio·
884 1485 887 1568 l
903 1483 991 1557 αὐτὸς
1021 1489 1062 1549 ὢν
1092 1483 1152 1549 οἷον
1184 1487 1229 1549 δεῖ
1260 1482 1404 1568 ἀγασθεὶς
1438 1485 1538 1573 ψυχὴν

233 1591 306 1679 χρὸν
330 1593 484 1675 νενόμιστο
503 1593 543 1660 ὡς
559 1593 611 1652 τοῦ
624 1589 763 1671 σώματος
778 1590 869 1675 ἐρῶν·
901 1587 1007 1661 παιδὸς
1030 1595 1157 1675 πειρῷτο
1180 1587 1332 1674 ἄμεμπτον
1357 1589 1442 1675 φίλον
1461 1591 1540 1653 ἀπο-

231 1721 300 1779 τας,
333 1698 399 1760 ἀλλ’
424 1695 459 1758 οὐ
489 1703 542 1781 τῆς
565 1703 674 1782 ψυχῆς.
722 1699 737 1759 ὁ
761 1693 795 1760 δὲ
818 1697 870 1778 ἐγ-
901 1693 1082 1757 τελέσασθαι
1103 1690 1154 1756 καί
1186 1695 1330 1775 συνεῖναι,
1364 1693 1468 1781 ἐπη’νει
1486 1691 1539 1757 καί

230 1799 355 1887 κληθείς
386 1805 427 1872 ὡς
451 1803 498 1866 ἐπ’
531 1803 658 1890 αἰσχύνη
692 1798 868 1885 πλησιάζων
901 1796 1064 1882 καλλίστην
1088 1797 1223 1862 παιδείαν
1246 1797 1354 1883 ταύτην
1384 1799 1537 1884 ἐνόμιζεν·

233 1905 336 1992 ἄτιμος
359 1903 410 1969 διὰ
433 1906 499 1992 βίον
520 1907 567 1992 ἦν.
902 1903 927 1965 εἰ
950 1903 983 1964 δέ
1005 1925 1047 1974 τις
1070 1900 1176 1974 παιδὸς
1199 1905 1337 1988 σώματος
1362 1904 1539 1989 ὀρεγόμενος

904 2006 1021 2090 φανείη,
1045 2001 1196 2091 αἴσχιστον
1211 2011 1297 2070 τοῦτο
1317 2008 1380 2079 θεῖς
1401 2007 1538 2092 ἐποίησεν

901 2110 962 2172 κτὲ.

323 2219 446 2284 Eadem
469 2221 642 2283 namantur
665 2215 706 2280 ab
728 2220 873 2296 utroque.
918 2215 966 2279 Eo
981 2218 1108 2279 tantum
1131 2215 1255 2280 distant
1276 2215 1362 2280 inter
1384 2232 1430 2300 se,
1454 2215 1541 2298 qnod

233 2323 375 2390 libidinis
397 2341 533 2404 poenam
557 2319 673 2403 ἀτιμίαν
697 2318 798 2385 fuisse
821 2337 998 2401 anonymus
1019 2318 1140 2401 tradit,
1173 2318 1397 2400 Xenophontis
1430 2318 1539 2386 verbis

232 2427 381 2514 αἴσχιστον
404 2431 490 2490 τοῦτο
513 2422 577 2496 θείς
600 2425 813 2509 neglegenter
836 2424 1006 2504 expressis.
1060 2424 1103 2488 At
1125 2422 1279 2489 Aelianus
1301 2442 1427 2506 quoque
1450 2424 1537 2490 simi·

229 2535 274 2600 lia
297 2534 337 2598 de
359 2549 532 2614 puerorum
555 2548 664 2594 amore
688 2529 854 2609 explicans
876 2528 975 2593 aliam
997 2526 1097 2592 habet
1119 2546 1255 2608 poenam
1279 2529 1322 2611 (ν.
1335 2529 1366 2593 h.
1389 2527 1447 2609 III,
1473 2528 1537 2614 12).

232 2640 296 2704 Aut
318 2637 412 2702 exilio
444 2640 500 2701 aut
523 2633 681 2714 supplicio
704 2633 834 2714 punitos
858 2651 914 2699 eos
935 2650 1008 2698 esse
1030 2632 1127 2714 dicit,
1163 2633 1216 2713 qui
1238 2633 1327 2714 turpi
1348 2651 1459 2699 amore
1480 2631 1537 2699 fla·

233 2747 374 2824 grsrent.
427 2739 519 2816 Quod
542 2739 681 2804 sirecte
706 2737 811 2802 animo
834 2737 1110 2820 reputaverimus,
1144 2736 1252 2801 studio
1275 2736 1414 2817 augendi
1434 2738 1469 2802 in
1491 2739 1540 2804 eis

232 2845 432 2928 potissimum
463 2843 652 2924 conspicuo,
687 2841 742 2922 qui
771 2860 840 2907 rem
870 2840 910 2905 ab
935 2840 1008 2905 aliis
1030 2846 1198 2905 narratam
1220 2840 1317 2905 latius
1338 2842 1538 2927 promulgari

232 2948 340 3027 velint,
363 2948 483 3013 lactum
507 2965 578 3012 esse
602 2946 780 3027 credamne,
803 2951 840 3011 ut
861 2945 1007 3010 homines
1029 2942 1219 3026 posterioris
1241 2946 1361 3010 aetatis
1382 2945 1415 3009 in
1438 2946 1537 3012 delic-

232 3058 311 3135 tum,
334 3053 418 3133 quod
438 3051 660 3132 turpissimum
682 3048 830 3115 habitum
852 3067 925 3115 esse
947 3050 978 3113 in
994 3048 1086 3114 libris
1102 3048 1302 3130 invenerunt,
1326 3047 1536 3115 acerbissime

233 3162 340 3223 actum
363 3174 436 3222 esse
459 3155 636 3220 traderent.
688 3153 777 3232 Quae
800 3172 877 3219 vero
899 3173 1003 3234 poena
1027 3153 1204 3220 constituta
1227 3152 1360 3233 fuisset,
1394 3154 1479 3236 quod
1501 3173 1537 3220 se

231 3262 316 3327 scire
338 3259 568 3342 simulaverint,
592 3278 655 3325 non
677 3277 871 3339 magnopere
893 3259 926 3323 in
957 3258 1100 3324 Aelianis
1131 3256 1329 3323 mirabimur.
1387 3257 1538 3324 Dubitari

231 3384 294 3432 non
316 3369 426 3446 potest
448 3363 525 3445 quin
538 3363 695 3443 Xenopho
719 3361 884 3428 adhibitus
907 3362 1060 3428 fueritin
1082 3360 1166 3427 libro
1188 3362 1254 3441 illo,
1278 3361 1367 3428 cuius
1385 3367 1538 3444 excerpta

231 3486 403 3551 superesse
426 3467 610 3533 creduntur.
657 3466 856 3547 Quamquam
878 3467 911 3531 in
934 3485 971 3531 rc
994 3467 1108 3533 eadem
1130 3466 1312 3532 enarranda
1336 3464 1444 3532 verbis
1468 3469 1537 3548 qui·

232 3573 305 3638 dem
328 3573 401 3638 aliis
424 3572 517 3637 modo
552 3589 645 3637 usum
676 3589 748 3636 esse
779 3572 970 3652 scriptorem
1001 3573 1149 3655 ignotum
1172 3577 1269 3652 atque
1291 3571 1538 3653 Xenophontem

231 3675 377 3741 vidimus.
423 3673 486 3740 Sed
509 3692 550 3739 ne
572 3673 605 3738 id
629 3674 757 3754 quidem
781 3673 870 3738 cadit
892 3674 924 3738 in
948 3692 1021 3738 eum
1043 3673 1147 3739 locum
1169 3691 1231 3755 quo
1255 3677 1375 3754 quanta
1396 3673 1483 3738 inter
1500 3691 1536 3740 sa

231 3776 349 3844 fiducia
378 3777 529 3860 Spartani
558 3778 592 3843 in
622 3777 734 3844 liberis
764 3777 970 3864 castigandis,
993 3776 1114 3844 fuerint
1143 3777 1321 3859 exponitur.
1391 3777 1474 3846 Vide
1497 3778 1538 3850 ‚si

232 3881 355 3965 placat:

473 3987 553 4052 Inst.
579 3991 628 4051 11.
887 3989 890 4065 l
1080 3985 1226 4066 Xenoph.
1250 3985 1305 4069 Vl,
1328 3991 1359 4053 2.

277 4090 356 4163 Παῖς
379 4089 413 4154 δὲ
435 4091 493 4154 ὑπό
514 4113 591 4162 τινος
607 4087 768 4161 κολασθείς
787 4091 813 4153 εἰ
828 4095 871 4175 τῷ
938 4086 1004 4156 Ἢν
1029 4091 1062 4154 δέ
1084 4113 1126 4162 τις
1149 4090 1218 4161 παῖς
1240 4113 1313 4153 ποτε
1334 4088 1452 4176 πληγὰς
1479 4095 1537 4158 λα-

233 4193 321 4281 πατρί
344 4196 523 4281 ἐξήγγειλεν,
549 4192 670 4280 αἰσχρὸν
693 4195 730 4279 ἧν
753 4199 795 4278 τῷ
810 4216 870 4258 πα·
905 4195 964 4281 βὼν
989 4195 1038 4258 ὑπ’
1062 4192 1155 4257 ἄλλου
1177 4193 1303 4280 κατείπη
1326 4193 1398 4281 πρὸς
1416 4194 1464 4260 τὸν
1478 4222 1538 4261 πα-

231 4297 276 4385 τρί
301 4300 342 4385 μὴ
366 4300 567 4384 προσεντεῖναι
590 4300 760 4365 ἀκούσαντα
782 4299 868 4364 πάλιν
885 4299 981 4390 ,rt-ipo,
1006 4299 1129 4384 αἰσχρόν
1145 4299 1207 4362 ἐστι
1226 4297 1267 4385 μὴ
1282 4299 1336 4364 οὐκ
1351 4299 1444 4374 ἄλλας
1459 4304 1539 4388 πλη-

235 4402 389 4486 (sonasse
412 4399 529 4490 πληγὰς
552 4405 663 4490 scrib.)
687 4405 806 4490 ἐτέρας·
837 4405 870 4467 ἐ-
902 4401 956 4487 γὰς
979 4402 1137 4489 ἐμβάλλειν
1160 4409 1203 4489 τῷ
1219 4405 1284 4467 οίεῖ.
1320 4404 1398 4469 οὕτω
1417 4405 1538 4470 πιστεύ-

233 4508 369 4574 πίστεοον
397 4507 455 4595 γὰρ
477 4507 577 4581 αὐτοῖς
609 4509 643 4572 ἐκ
670 4515 724 4594 τῆς
746 4510 869 4594 πατρίου
902 4530 982 4572 ουσιν
1006 4507 1157 4594 ἀλληλοις,
1183 4506 1276 4594 μηδὲν
1299 4509 1421 4595 αἰσχρὸν
1448 4532 1539 4597 προς-

233 4717 408 4786 cogitaudum
427 4716 461 4771 de
479 4715 556 4771 fonte
574 4716 717 4784 communi,
736 4715 900 4785 praesertim
918 4730 979 4768 cum
998 4715 1142 4770 ‘instituta’
1162 4715 1197 4770 ab
1216 4715 1266 4770 illo
1283 4730 1338 4771 uno
1351 4722 1459 4772 tantum
1477 4717 1538 4772 loco

234 4805 360 4864 adhibita
379 4823 439 4863 esse
458 4807 483 4862 si
501 4807 610 4863 omnino
629 4806 701 4861 hunc
720 4805 820 4861 librum
839 4805 978 4874 cognitum
996 4805 1117 4861 habebat
1135 4806 1179 4862 vix
1197 4805 1330 4860 credibile
1349 4806 1393 4861 sit.

1210 4893 1254 4962 l*
