3814 5370
1005 393 1044 454 lo

459 563 602 629 Tertium
626 562 868 630 ‘institutorum'
892 567 989 645 caput
1011 563 1107 646 plane
1130 561 1268 630 concinit
1290 581 1359 630 cum
1381 562 1548 630 Plutarchi
1569 561 1676 630 verbis

375 687 414 736 ea
438 669 477 734 da
508 667 623 751 quibus
654 667 749 733 modo
779 668 915 734 diximus
945 669 1057 734 statim
1088 667 1319 750 excipientibus
1348 670 1403 752 (12
1426 667 1539 753 extr),
1575 688 1678 752 neque

373 773 546 854 quidquam
569 777 738 855 excerptor
760 773 879 838 adiecit
909 773 969 838 nisi
1000 773 1029 836 ἐν
1060 773 1119 845 τοῖς
1151 771 1324 854 συσσιτίοις,
1361 774 1395 839 id
1429 774 1513 856 quod
1544 774 1610 841 iam
1643 776 1676 840 in

371 878 475 959 primo
497 879 604 959 capite
627 876 922 942 animadvertimus.
969 877 1017 944 De
1040 877 1153 943 eadem
1176 897 1212 943 re
1232 877 1331 944 verba
1349 877 1429 944 facit
1443 879 1598 960 Xenopho
1622 880 1677 962 (de

372 982 538 1063 raphao.
562 982 601 1061 V,
626 983 680 1065 7),
715 982 1049 1064 Lacedaemoniosque
1082 983 1155 1049 vino
1190 1001 1252 1048 non
1282 983 1454 1050 indulsisse
1487 983 1677 1066 omninoque

373 1085 665 1169 compotationibus
699 1085 894 1152 abstinuisse
928 1086 1024 1152 testis
1055 1093 1106 1152 est
1136 1087 1229 1152 Plato
1265 1088 1319 1169 (de
1349 1087 1413 1172 leg.
1444 1087 1469 1152 I.
1492 1106 1523 1170 p.
1549 1093 1610 1154 637
1634 1089 1676 1172 Α)

373 1197 547 1273 auctorque
571 1191 688 1256 Minois
711 1192 755 1273 (p.
781 1195 843 1255 320
866 1191 918 1272 A).

458 1297 508 1362 Ea
529 1315 611 1378 quae
633 1296 666 1360 in
690 1295 796 1376 capite
820 1300 839 1360 4
863 1301 896 1359 et
920 1300 937 1360 5
962 1295 1002 1361 de
1025 1295 1352 1363 Lacedaemoniorum
1374 1296 1564 1364 educatione
1586 1302 1676 1364 veste

373 1419 605 1484 corporumque
627 1398 741 1465 habitu
764 1402 946 1481 narrantur,
970 1399 1140 1482 desumpta
1164 1405 1239 1466 sunt
1261 1420 1301 1465 ex
1321 1400 1488 1466 Plutarchi
1511 1401 1578 1466 vita
1600 1402 1674 1485 Lyo.

375 1511 428 1588 16,
463 1506 559 1570 nullis
590 1505 651 1569 nisi
674 1503 846 1568 lenissimis
868 1503 1100 1570 mutationibus
1122 1503 1227 1570 factis.
1287 1503 1396 1570 Verba
1418 1524 1493 1570 vero
1517 1505 1633 1587 capitis
1655 1512 1676 1571 4

371 1617 429 1673 τῶν
454 1607 487 1672 δὲ
510 1607 608 1672 ἄλλων
632 1605 841 1692 παιδευμάτων
864 1606 1038 1691 ξενηλασίαν
1062 1609 1215 1672 ἐποιοῦντο
1239 1628 1408 1691 perperam
1428 1628 1447 1675 a
1467 1611 1676 1690 compilatore

373 1734 412 1780 ex
433 1715 516 1780 Plut.
539 1715 595 1779 vit.
619 1713 694 1794 Lyc.
720 1718 738 1777 9
763 1710 837 1796 μετὰ
860 1710 893 1775 δὲ
913 1715 1000 1775 τοῦτο
1023 1718 1082 1776 τῶν
1106 1713 1266 1797 ἀχρήστων
1288 1711 1339 1777 καὶ
1370 1719 1517 1799 περισσῶν
1548 1715 1675 1779 ἐποιεῖτο

372 1825 484 1905 τεχνῶν
508 1816 681 1902 ξενηλασίαν
705 1836 777 1883 csse
799 1818 917 1884 hausta
939 1817 1018 1882 mihi
1049 1818 1215 1898 videntur,
1249 1820 1324 1901 quia
1354 1837 1417 1885 non
1447 1824 1536 1885 recte
1568 1839 1677 1886 eorum

372 1942 502 1992 sensum
524 1928 743 2005 perspexerat.
789 1920 873 1986 Nam
889 1941 961 1987 cum
973 1922 1181 1988 Plutarchum
1196 1921 1295 1988 verba
1318 1923 1426 1990 iacere
1450 1924 1490 1989 de
1514 1923 1677 1991 labrorum

373 2027 594 2110 artificumque
616 2025 784 2093 inutilibus
807 2032 841 2091 et
864 2027 1011 2092 luxuriae
1034 2027 1283 2094 inservientibus
1307 2029 1431 2094 artibus
1445 2029 1540 2110 plane
1554 2030 1586 2093 in
1602 2048 1677 2111 pro-

372 2133 483 2215 patulo
507 2134 567 2210 sit,
598 2139 730 2214 propter
753 2150 897 2213 eaquae
920 2132 1063 2212 proxime
1088 2131 1128 2196 ab
1151 2133 1216 2198 illis
1238 2131 1346 2198 verbis
1369 2133 1534 2214 leguntur,
1566 2139 1678 2200 noster

373 2237 413 2302 de
436 2236 560 2303 artibus
582 2234 770 2302 liberalibus
794 2255 832 2300 ea
856 2236 943 2300 dicta
967 2253 1039 2300 csse
1062 2235 1214 2317 putabat,
1249 2236 1333 2319 quod
1362 2243 1399 2303 ut
1428 2237 1530 2318 magis
1552 2238 1677 2320 perspi-

372 2361 465 2409 cuum
488 2340 590 2421 fieret,
613 2359 671 2422 pro
693 2344 805 2425 τεχνῶν
827 2357 904 2405 voco
926 2338 1135 2423 παιδευμάτων
1158 2359 1236 2407 usus
1259 2347 1319 2407 est.
1379 2340 1487 2407 Verba
1511 2348 1619 2409 autem
1641 2342 1677 2406 od

375 2448 486 2531 μᾶλλον
518 2445 686 2529 ἀνθρώπων
715 2448 735 2528 ἢ
766 2444 863 2526 λόγων
895 2443 1010 2527 quibus
1042 2445 1275 2526 quodammodo
1309 2450 1414 2511 artem
1444 2446 1639 2512 rhetoricam
1653 2447 1678 2529 ¹)

375 2549 508 2616 affectat
529 2555 566 2615 ut
588 2548 737 2626 adderet,
761 2547 919 2614 adductus
943 2553 993 2613 est
1015 2547 1078 2614 fine
1101 2549 1217 2630 capitis
1238 2549 1294 2615 vit.
1341 2550 1415 2632 Lyc.
1439 2554 1491 2632 27,
1514 2569 1607 2632 quem
1629 2552 1677 2616 lo·

374 2674 446 2721 cum
468 2653 508 2720 ab
531 2673 570 2719 οο
594 2651 773 2719 adhibitum
796 2671 868 2718 esse
890 2652 974 2718 infra
990 2654 1073 2736 (opp.
1094 2659 1143 2736 19,
1157 2654 1211 2738 20)
1235 2652 1377 2736 patefiet.
1395 2691 1438 2702 -
1461 2657 1565 2736 Atque
1577 2656 1677 2722 etiam

374 2761 407 2825 in
431 2777 500 2840 cap.
525 2764 543 2824 5
567 2758 786 2841 compilatoris
809 2758 950 2824 studium
971 2758 1139 2823 Plutarchi
1159 2757 1259 2824 verba
1283 2777 1352 2824 cum
1376 2759 1438 2840 ipsi
1471 2759 1622 2826 videatur
1643 2761 1676 2826 in

375 2862 553 2929 breviorem
572 2862 699 2928 dicendi
713 2862 849 2928 formam
864 2862 1105 2946 constringendi
1127 2868 1272 2945 apparet.
1319 2862 1408 2940 Quae
1432 2865 1516 2929 enim
1534 2864 1563 2930 is
1578 2883 1677 2930 enun-

373 2969 455 3035 traco
485 2965 561 3052 πλὴν
590 2966 691 3051 ὀλίγας
713 2967 827 3052 ἡμέρας
849 2964 928 3038 τινὰς
950 2970 1002 3029 τοῦ
1025 2967 1159 3030 ἐνιαυτοῦ
1192 2974 1244 3052 τῆς
1276 2965 1415 3052 τοιαύτης
1449 2969 1676 3053 φιλανθρωπίας

374 3074 509 3158 μετεῖχον
532 3073 735 3151 tradiderat,
770 3073 826 3137 illa
849 3072 1013 3154 aliquanto
1034 3071 1190 3138 incertius
1217 3070 1323 3138 tribus
1345 3072 1396 3138 his
1418 3071 1525 3139 verbis
1547 3070 1677 3137 κατὰτὸ

375 3180 511 3242 πλεῖστον
534 3177 642 3242 inesse
664 3176 765 3242 voluit
774 3175 810 3258 2).
1242 3171 1254 3196 '

462 3283 540 3364 Cap.
564 3287 582 3346 6
616 3281 657 3346 ad
686 3278 820 3346 verbum
850 3299 920 3346 cum
949 3279 1012 3346 fine
1035 3279 1153 3361 capitis
1175 3279 1262 3346 vitae
1285 3280 1402 3346 decimi
1424 3282 1507 3348 sexti
1530 3283 1679 3350 convenit

373 3393 507 3471 praeter
535 3384 635 3452 verba
665 3385 692 3448 οί
714 3384 790 3465 νέοι,
830 3402 912 3467 quae
935 3384 982 3451 ibi
1004 3389 1138 3466 propter
1168 3385 1402 3452 sententiarum
1424 3405 1538 3453 nexum
1562 3386 1677 3454 abesse

375 3490 549 3559 debebant.

461 3597 530 3661 Iam
552 3613 628 3661 vero
651 3614 671 3660 a
693 3595 800 3676 capite
824 3599 843 3659 6
867 3594 978 3660 statim
1001 3612 1059 3659 nos
1081 3600 1304 3660 convertamus
1328 3593 1370 3660 ad
1392 3601 1490 3677 caput
1515 3601 1564 3680 12,
1589 3597 1677 3664 cuius

374 3699 473 3768 verba
495 3701 591 3782 plane
613 3699 728 3765 eadem
757 3700 895 3783 legimus
926 3699 959 3764 in
981 3699 1065 3764 Plut.
1089 3699 1144 3764 vit.
1170 3699 1245 3780 Lyc.
1271 3703 1320 3763 17.
1345 3735 1385 3746 -
1402 3701 1557 3767 -Iuvenes
1580 3702 1677 3785 Spar·

374 3806 475 3872 tiatas
497 3803 625 3870 iuuandi
647 3805 740 3886 quasi
762 3809 866 3869 artem
898 3803 1080 3869 exercuisse
1111 3803 1262 3884 permulti
1291 3802 1544 3886 nobilissimique
1573 3812 1677 3874 testes

375 3910 520 3992 tradunt,
543 3927 622 3991 quos
646 3908 780 3992 collegit
802 3907 976 3973 Trieberus
998 3908 1033 3989 (l.
1058 3927 1083 3974 c.
1108 3928 1137 3988 p.
1163 3909 1286 3990 23ί24).
1345 3909 1487 3974 Poenam
1509 3929 1584 3977 vero
1608 3913 1677 3978 nul·

374 4017 440 4081 lam
470 4013 579 4096 pueris
612 4013 646 4077 in
679 4011 816 4077 iurando
851 4011 1061 4092 deprehensis
1091 4012 1275 4094 impositam
1309 4010 1410 4079 fuisse
1443 4014 1506 4079 nisi
1541 4014 1678 4084 verbera

376 4136 568 4201 quamquam
580 4119 744 4182 Isocrates
766 4116 806 4181 de
829 4116 965 4197 pecunia
988 4117 1035 4182 eis
1058 4117 1213 4183 solvenda
1236 4117 1385 4200 (Panath.
1405 4122 1484 4182 212:
1509 4111 1575 4204 ἐνῇ
1596 4118 1678 4205 (scil.

375 4224 405 4286 ἐν
428 4227 464 4308 τῇ
487 4220 623 4305 κλωπεία
643 4225 702 4284 τῶν
726 4221 756 4283 ἐν
779 4220 839 4292 τοῖς
862 4220 964 4304 ἀγροῖς
989 4219 1220 4305 κατοικούντων)
1252 4222 1407 4307 συμβαίνει
1429 4219 1497 4294 τοὺς
1524 4221 1575 4307 μὲν
1598 4225 1678 4314 ληρ,

375 4327 482 4399 θέντας
511 4325 650 4411 ἀργύριον
680 4324 826 4389 ἀποτίνειν
857 4322 906 4387 καὶ
933 4323 1051 4410 πληγὰς
1080 4324 1256 4411 λαμβάνειν)
1290 4333 1388 4409 atque
1410 4328 1603 4395 Plutarchus
1636 4329 1676 4395 de

448 4591 476 4661 1)
494 4590 599 4646 Eadem
617 4590 725 4646 ratione
742 4590 953 4658 interpretanda
970 4597 1034 4645 sunt
1052 4591 1136 4646 verba
1154 4591 1170 4664 ἢ
1190 4591 1379 4668 ἀποθνῄσκειν,
1406 4593 1435 4646 iu
1454 4608 1524 4662 quae
1545 4593 1615 4648 idam
1634 4609 1680 4648 ca·

377 4687 428 4750 put
446 4683 512 4735 exit.
550 4681 668 4735 Frustra
686 4695 719 4734 ea
739 4679 907 4748 quaesiveris
926 4680 956 4733 in
974 4682 1131 4737 Plutarcho.
1152 4714 1182 4722 -

448 4771 477 4841 2)
498 4771 549 4824 llic
567 4771 644 4826 locus
663 4770 747 4824 etiam
767 4778 927 4838 argumento
947 4785 1007 4825 esse
1025 4780 1119 4840 potest
1138 4778 1235 4828 contra
1260 4788 1323 4841 eos,
1352 4772 1398 4842 qui
1426 4788 1443 4827 a
1461 4772 1611 4828 Plutarcho
1631 4772 1680 4826 ‘ina

375 4860 475 4916 stituta
493 4849 642 4916 Laconica’
661 4859 788 4929 excripta
807 4874 867 4918 asse
887 4858 1033 4916 affirmant.
