3814 5370
1025 393 1064 458 18

399 559 642 646 phthegmatum
654 560 884 631 Laconicorum
905 564 1102 632 collectionis
1125 564 1290 647 professus
1313 572 1374 646 est,
1398 586 1417 632 a
1441 587 1504 650 qua
1527 567 1694 634 ‘instituta’

397 673 560 750 tamquam
582 669 731 750 proprius
754 668 882 736 libellus
906 689 969 737 non
993 676 1069 737 sunt
1091 671 1315 756 disiungenda.
1339 709 1381 720 -

484 775 553 839 lam
574 792 747 859 pergamus
769 775 802 840 in
833 777 1046 842 examinanda
1076 777 1275 862 singulorum
1310 777 1549 845 ‘institutorum'
1584 797 1697 843 narra·

396 878 493 945 tionis
516 879 719 962 auctoritate,
744 885 841 962 atque
864 881 976 948 ordine
1000 883 1142 963 capitum
1164 883 1311 964 neglecto
1334 883 1491 965 agendum
1514 886 1565 948 est
1587 881 1627 947 de
1648 882 1696 948 eis

397 983 567 1069 capitibus,
591 1004 672 1067 quae
695 990 826 1067 praeter
848 987 914 1052 iam
935 992 1079 1053 tractata
1102 988 1267 1054 Plutarchi
1290 989 1427 1070 excripti
1448 994 1537 1054 certa
1556 988 1697 1072 vestigia

397 1110 476 1174 prae
499 1110 534 1157 se
556 1089 673 1156 ferunt.
731 1091 782 1158 Sic
814 1092 916 1177 igitur
945 1112 1008 1159 non
1043 1092 1260 1160 dubitabimus
1291 1094 1332 1160 ad
1353 1093 1519 1159 Plutarchi
1541 1094 1597 1159 vit.
1620 1093 1696 1174 Lyc.

398 1201 438 1262 27
463 1201 559 1278 caput
576 1201 615 1262 18
637 1215 800 1280 revocare,
824 1198 914 1264 cuius
937 1197 1035 1264 verba
1057 1203 1146 1264 sunt:
1171 1197 1237 1263 Τῶν
1261 1196 1294 1262 δὲ
1317 1196 1419 1284 τάφων
1443 1198 1540 1262 ἀνεῖλε
1555 1197 1607 1282 τὴν
1633 1199 1698 1260 δει-

398 1300 581 1386 σιδαιμονίαν
606 1301 722 1365 ἅπασαν
746 1303 761 1364 ὁ
784 1302 976 1387 Λυκοῦργος,
1011 1304 1040 1366 ἐν
1064 1310 1100 1389 τῇ
1132 1305 1217 1368 πόλει
1247 1302 1369 1369 θάπτειν
1400 1301 1468 1375 τοὺς
1497 1300 1617 1389 νεκροὺς
1646 1301 1699 1366 καὶ

397 1407 521 1492 πλησίον
545 1405 623 1492 ἔχειν
646 1405 682 1470 τά
706 1407 835 1492 μνημεῖα
858 1414 916 1473 τῶν
940 1410 1025 1493 ἱερῶν
1050 1412 1258 1495 συγχωρήσας.
1320 1409 1458 1494 Περιεῖλε
1488 1406 1521 1472 δὲ
1549 1406 1599 1472 καί
1629 1405 1699 1480 τοὺς

399 1510 562 1598 μιασμοὺς·
597 1510 771 1577 συνθάπτειν
803 1511 836 1577 δὲ
865 1512 950 1578 οὐδὲν
979 1514 1152 1601 ἐπέτρεψεν,
1188 1512 1249 1579 ἀλλ’
1277 1515 1306 1578 ἐν
1339 1514 1479 1600 φοινικίδι
1499 1511 1549 1577 καί
1573 1512 1694 1599 φύλλοις

397 1617 499 1690 ἐλαίας
521 1618 626 1690 θέντας
648 1616 680 1682 τά
704 1623 793 1703 σῶμα
815 1619 1011 1704 περιστέλλειν
1034 1621 1098 1683 κατ’
1130 1617 1193 1684 ’ίσον
1217 1621 1357 1692 ἀπαντας.
1395 1621 1493 1684 ἀνεῖλε
1516 1617 1550 1683 δὲ
1571 1616 1621 1682 καί
1644 1616 1695 1690 τάς

400 1721 566 1810 ἐπιγραφάς
588 1721 639 1796 τάς
661 1721 708 1787 ἐπὶ
730 1730 788 1788 τῶν
813 1726 981 1811 μνημείων,
1011 1725 1088 1811 πλὴν
1110 1732 1168 1790 τῶν
1192 1727 1221 1790 έν
1244 1726 1367 1812 πολέμιμ
1389 1727 1553 1805 πεσόντων,
1586 1721 1635 1788 καί
1657 1721 1693 1788 τά

398 1828 493 1914 πένθη
516 1827 655 1902 καὶτοὺς
678 1829 833 1914 ὀδυρμούς.
890 1830 974 1897 Nam
996 1837 1032 1899 ut
1054 1833 1087 1898 in
1110 1833 1229 1900 ceteris
1252 1831 1397 1899 omnibus
1429 1831 1524 1913 plane
1548 1830 1694 1916 congruit

400 1954 471 2000 cum
492 1934 680 2018 Plutarcho,
712 1935 760 2000 ita
781 1936 891 2018 inepto
915 1937 971 2003 illo
995 1937 1216 2003 additamento
1239 1937 1367 2021 περιεῖλε
1391 1933 1423 1998 δὲ
1445 1932 1586 2006 καὶτοὺς
1609 1959 1695 2020 μιασ-

400 2038 472 2125 μούς
494 2041 578 2122 quod
599 2041 632 2105 in
654 2041 794 2106 medium
816 2048 913 2123 caput
934 2042 1087 2125 irrepsit,
1126 2049 1159 2108 et
1188 2043 1291 2108 oratio
1326 2041 1510 2123 ceteroquin
1545 2041 1694 2108 continua

397 2145 582 2228 inquinatur
604 2165 708 2228 neque
730 2147 903 2229 quidquam
927 2147 1086 2214 docemur.
1142 2149 1266 2214 Deinde
1294 2149 1326 2213 in
1349 2147 1411 2212 fine
1434 2147 1549 2228 capitis
1572 2148 1694 2230 perepi-

399 2271 490 2317 cuum
514 2256 564 2318 est
587 2252 806 2334 compilatoris
836 2253 977 2318 studium
999 2253 1226 2320 Plutarcheam
1258 2255 1476 2318 narrationem
1504 2252 1536 2316 in
1568 2251 1695 2319 brevius

399 2357 618 2425 contrahendi.
676 2356 758 2422 Nam
788 2363 1016 2440 praeterquam
1048 2359 1131 2440 quod
1164 2359 1244 2423 nihil
1275 2357 1353 2423 dicit
1377 2358 1416 2423 de
1440 2357 1618 2423 sacerdotis
1639 2357 1692 2422 de-

397 2462 527 2530 functae
549 2463 671 2528 tumulo
693 2463 902 2544 inscriptione
925 2463 1120 2548 adornando,
1143 2481 1323 2530 maerorem
1339 2468 1373 2528 et
1391 2463 1555 2544 planctum
1569 2461 1687 2528 omnino

398 2589 418 2634 a
440 2569 588 2652 Lycurgo
611 2586 683 2633 csse
706 2566 851 2634 sublatos
873 2568 985 2652 refert,
1008 2570 1181 2636 Plutarcho
1205 2567 1311 2634 obiter
1333 2569 1497 2650 inspecto,
1521 2567 1571 2650 qui
1591 2565 1685 2631 unde·

398 2675 460 2740 cim
483 2673 551 2738 dies
575 2673 675 2738 luctui
696 2671 796 2738 luisse
819 2675 998 2739 vacandum
1029 2674 1178 2740 affirmat.
1236 2675 1282 2739 Ac
1312 2692 1352 2739 ne
1383 2672 1444 2738 hoc
1476 2673 1601 2754 quidem
1620 2669 1686 2735 loco

397 2797 521 2862 vereor,
544 2797 584 2844 ne
606 2777 709 2860 prosit
731 2776 822 2844 nobis
845 2777 1009 2863 arbitrari,
1033 2785 1197 2846 auctorem
1220 2780 1356 2861 aliquem
1381 2784 1414 2843 et
1433 2777 1638 2844 aPlutarcho
1661 2780 1693 2840 et

399 2884 439 2950 ab
463 2890 650 2966 excerptore
673 2883 851 2964 excriptum
874 2903 954 2949 esse.
1001 2884 1062 2963 Qui
1087 2885 1115 2950 si
1138 2889 1243 2968 esset,
1267 2883 1450 2949 necessario
1474 2901 1546 2948 eum
1569 2882 1694 2946 Plutar-

398 2991 458 3055 cho
481 3009 543 3055 non
565 2989 745 3070 parciorem
768 2987 867 3054 fuisse
892 2991 924 3054 in
947 2989 998 3055 his
1019 2989 1117 3056 rebus
1141 2989 1330 3056 enarrandis
1361 2988 1574 3053 crederemus
1630 2988 1695 3052 Ita-

399 3115 461 3178 que
484 3099 653 3176 excerptor
675 3093 811 3158 eandem
832 3095 1075 3179 neglegentiam
1105 3114 1168 3176 qua
1191 3113 1229 3160 ex
1251 3099 1362 3160 nostra
1385 3093 1546 3160 sententia
1567 3093 1602 3157 in
1623 3092 1696 3157 Plu-

398 3200 512 3267 tarcho
535 3198 744 3264 describendo
766 3197 842 3281 fuit,
865 3199 898 3262 in
920 3199 1011 3264 illum
1033 3199 1207 3282 praestitit,
1231 3217 1334 3279 neque
1358 3198 1529 3280 quidquam
1550 3197 1627 3262 inde
1650 3197 1697 3262 lu·

399 3324 536 3372 cramur.

485 3411 534 3474 Ex
557 3409 670 3476 eodem
692 3409 778 3475 vitae
802 3409 908 3491 capite
932 3409 1096 3491 descripta
1125 3416 1201 3475 sunt
1222 3409 1392 3476 ‘inst'tuta’
1418 3412 1456 3474 19
1481 3414 1514 3473 et
1538 3411 1589 3489 20,
1613 3405 1697 3489 quod

396 3521 433 3582 ut
458 3516 673 3598 unusquisque
695 3515 882 3597 perspiciat,
906 3515 1005 3581 verba
1027 3516 1099 3597 ipsa
1121 3515 1240 3582 suflicit
1263 3516 1432 3596 adponere.
1486 3511 1633 3578 Habent:

600 3622 679 3686 Inst.
704 3625 824 3686 auctor.
1207 3621 1290 3685 Plut.
1314 3620 1369 3685 vit.
1393 3620 1468 3700 Lya.
1492 3621 1543 3682 27.

445 3731 493 3791 19.
517 3721 689 3809 Ἀποδημεῖν
714 3723 747 3789 δὲ
769 3725 903 3808 οὐκέίῆν
922 3725 1030 3804 αὐτοῖς,
1109 3725 1178 3788 ὅθεν
1211 3725 1275 3788 οὐδ’
1310 3723 1473 3807 ἀποδημεῖν
1511 3719 1607 3783 ἔδωκε
1638 3721 1696 3790 τοῖς

398 3828 446 3894 ἵνα
476 3829 517 3914 μὴ
552 3832 668 3900 ξενικῶν
702 3831 781 3894 ἐθῶν
813 3830 911 3914 (ἠθῶν
920 3832 949 3913 l)
981 3819 1031 3893 καὶ
1065 3827 1254 3913 βουλομένοις
1269 3824 1318 3890 καί
1328 3827 1499 3891 πλανᾶσθαι
1515 3823 1611 3896 ξενικά
1627 3849 1695 3888 συν-

399 3935 469 4022 βίων
494 3934 680 3999 ἀπαιδεύτων
706 3933 887 4020 μετάσχωσι.
1063 3929 1187 4014 άγοντας
1209 3932 1271 4016 ἥθη
1294 3929 1344 3994 καί
1378 3933 1534 4016 μιμήματα
1565 3930 1636 4017 βίων
1660 3931 1696 3993 ἀ-

1061 4037 1227 4102 παιδεύτων
1260 4035 1310 4100 καὶ
1341 4034 1562 4121 πολιτευμάτων
1586 4035 1694 4121 διαρά-

443 4154 493 4216 20.
517 4147 577 4214 Καὶ
599 4149 772 4236 ξενηλασίας
789 4147 823 4212 δὲ
837 4146 1027 4232 εἰσηγήσατο,
1063 4166 1131 4228 ρων.
1183 4140 1270 4208 Ἀλλά
1297 4139 1347 4205 καί
1374 4139 1441 4214 τοὺς
1464 4141 1695 4226 ἀθροιζομένους

399 4257 479 4328 ὅπως
502 4259 530 4320 ol
550 4257 771 4344 παρεισρέοντες
795 4253 835 4340 μὴ
855 4251 1030 4317 διδάσκαλοι
1061 4246 1107 4310 ἐπ’
1132 4243 1228 4310 οάδενί
1256 4247 1397 4333 χρησίμῳ
1425 4245 1475 4310 καί
1505 4244 1695 4331 παρεισρέον-

397 4363 491 4424 κακοῦ
512 4385 588 4434 τινος
609 4364 669 4434 τοῖς
690 4361 822 4433 πολίταις
845 4357 1027 4445 ὑπάρχωσιν.
1060 4374 1112 4422 τας
1137 4351 1178 4422 εἰς
1200 4350 1252 4435 τὴν
1276 4353 1358 4416 πόλιν
1379 4353 1558 4436 ἀπήλαυνεν,
1581 4351 1639 4436 οὐχ
1654 4353 1694 4421 ὥς

1042 4445 1246 4548 ίθουκυδίδης
1269 4455 1359 4542 ρησί,
1384 4458 1489 4528 δεδιὼς
1514 4455 1554 4541 μὴ
1571 4463 1623 4541 τῆς
1637 4481 1693 4520 πο-

1059 4560 1168 4633 λιτείας
1206 4559 1332 4645 μιμηταί
1368 4561 1511 4645 γένωνται
1537 4558 1588 4625 καί
1622 4557 1692 4645 πρὸς

1059 4666 1166 4751 ἀρετήν
1189 4689 1216 4729 τι
1238 4667 1385 4752 χρήσιμον
1409 4666 1591 4752 ἐκμάθωσιν,
1617 4663 1694 4731 ἀλλά

1059 4773 1169 4854 μᾶλλον
1202 4773 1283 4844 ὅπως
1318 4773 1358 4858 μὴ
1394 4769 1569 4837 διδάσκαλοι
1600 4774 1693 4838 κακοῦ

1056 4900 1133 4950 τινος
1155 4876 1330 4966 θπάρίωσιν.
