3814 5370
877 391 917 452 45

244 557 313 645 tur,
348 561 496 644 quoniam
526 562 558 626 in
582 561 726 647 Agesilai
758 581 826 645 cap.
851 566 889 627 21
916 581 1025 644 regem
1047 562 1171 629 inducit
1194 551 1373 642 Gallipidae
1395 559 1545 626 histrioni

242 669 508 752 respondentem:
543 663 632 730 'Alld
655 665 689 730 ot
713 665 785 750 σύγε
814 665 877 730 ἐσσί
902 665 1089 740 Καλλιπίδας
1118 669 1133 732 ὁ
1166 666 1351 751 δικηλίκτας;
1391 666 1545 747 additque

243 773 320 838 utrm
344 772 378 838 δὲ
399 773 637 856 Λακεδαιμόνιοι
658 769 726 844 τοὺς
750 772 856 857 μίμους
878 775 1012 838 καλοῦσι.
1059 774 1122 841 Sed
1147 773 1314 856 quominus
1334 772 1366 837 iu
1378 771 1545 837 Plutarchi

243 879 383 946 Doricae
406 878 537 945 dialecti
561 878 745 964 cognitione
769 879 1028 963 acquiescamus,
1062 877 1269 962 prohibemur
1300 895 1371 944 cum
1399 882 1545 958 tempore

244 1003 306 1066 quo
329 985 398 1066 ipse
422 983 510 1064 vixit,
533 989 602 1049 tum
625 981 744 1049 Sosibii
765 983 904 1049 Laconis
926 984 1122 1064 testimonio,
1147 1003 1208 1066 quo
1230 984 1333 1049 utitur
1356 981 1542 1047 Athenaeus

246 1087 333 1174 (XIV
357 1094 417 1156 621
443 1091 504 1173 E):
538 1089 699 1152 ἐκαλοῦντο
723 1086 806 1152 δὲοὶ
831 1089 977 1173 μετιόντες
999 1088 1051 1174 τὴν
1073 1088 1211 1173 τοιαύτην
1240 1084 1360 1152 παιδιὰν
1385 1089 1465 1171 παρὰ
1486 1085 1547 1158 τοῖς

243 1191 374 1258 Λάκωσι
396 1194 571 1278 δικηλισταί.
623 1195 705 1260 Rem
735 1193 906 1261 conficiunt
935 1213 1017 1277 quae
1040 1193 1218 1260 Abrensius
1243 1192 1286 1279 (p.
1310 1189 1366 1276 93)
1390 1183 1546 1273 exposuit.

248 1297 394 1364 Genuina
417 1298 516 1381 igitur
538 1299 669 1365 dialecti
692 1299 822 1365 doricae
845 1304 896 1364 est
918 1298 1104 1365 terminatio
1117 1296 1203 1361 -σταί
1219 1298 1379 1364 nominum
1398 1295 1547 1363 substan-

244 1403 391 1486 tivorum,
416 1422 497 1486 quae
520 1424 541 1469 a
563 1403 670 1470 verbis
693 1405 726 1469 in
749 1407 812 1475 -ίω
833 1403 1054 1470 desinentibus
1074 1404 1271 1470 derivantur.
1284 1440 1323 1450 -
1348 1405 1390 1468 At
1412 1402 1446 1467 in
1468 1421 1545 1468 voce

250 1506 427 1571 δεικελισταί
450 1508 587 1591 aliisque
610 1509 753 1574 eiusdem
776 1508 888 1590 stirpis
912 1508 1032 1576 diutius
1052 1514 1102 1575 est
1118 1508 1386 1575 commorandum.
1419 1506 1550 1574 Scilicet

153 1671 156 1678 .
249 1611 382 1678 dubium
402 1612 551 1694 videtur,
584 1614 689 1695 prima
711 1613 837 1697 syllaba
858 1620 966 1681 utrum
997 1616 1060 1679 δει-
1097 1635 1137 1681 an
1170 1617 1232 1694 δι-,
1268 1613 1409 1679 secunda
1438 1618 1547 1677 utrum

244 1741 322 1802 -κη-
343 1737 385 1782 an
406 1741 477 1780 -κε-
509 1719 662 1786 sonuerit.
718 1720 825 1786 Hasce
857 1720 942 1786 euim
973 1719 1094 1787 formas
1125 1721 1302 1788 invenimus
1335 1717 1420 1800 apud
1443 1717 1547 1800 Hesy-

247 1821 369 1887 chium:
393 1821 533 1904 δείκελον,
559 1823 687 1905 δείκελον,
712 1823 905 1905 δείκελιοταί,
937 1823 988 1892 bis
1011 1825 1130 1911 δίκηλον
1155 1824 1432 1892 catorcinum.
1457 1846 1548 1906 στεμ-

251 1929 395 2012 ματιαῖον,
427 1928 461 1994 in
489 1930 532 1995 11⁰
541 1930 588 1994 Mo
611 1929 741 1993 δείκελον
775 1934 808 1996 et
842 1929 988 2014 δείκηλον,
1029 1930 1114 2013 apud
1148 1929 1356 1996 scholiastam
1388 1927 1548 2011 Apollonii

245 2032 362 2099 Rhodii
386 2034 415 2118 (l
438 2036 515 2118 746)
539 2033 678 2119 δίκηλσν,
716 2052 907 2116 quamquam
930 2040 1027 2117 poeta
1049 2036 1119 2117 ipse
1143 2034 1200 2118 (IV
1226 2034 1323 2116 1672)
1355 2032 1456 2099 babet
1486 2031 1549 2096 δεί-

249 2137 344 2219 κηλα,
377 2138 464 2220 apud
487 2137 648 2205 Sosibium
670 2139 848 2218 Athenaei,
882 2156 976 2220 quem
1007 2144 1185 2222 sequuntur
1206 2137 1398 2205 Eustathius
1421 2139 1547 2222 (comm.

250 2239 282 2304 iu
304 2242 341 2306 11.
363 2263 392 2324 p.
415 2245 492 2328 884)
516 2250 549 2311 et
572 2244 698 2329 Suidas,
722 2243 898 2330 δικηλισταί,
923 2243 1008 2326 apud
1029 2244 1239 2311 Plutarchum
1261 2242 1436 2328 despiceret,
1461 2244 1548 2326 apud

251 2346 554 2434 apophthegmatum
577 2351 808 2417 Laconicomm
833 2351 968 2436 (Agesil.
994 2350 1146 2432 apophth.
1172 2351 1227 2433 51)
1256 2354 1420 2416 auctorem
1444 2350 1548 2434 δεικη-

249 2449 355 2524 λίκτας.
400 2453 450 2519 Ex
472 2453 588 2535 quibus
611 2455 639 2521 si
662 2455 739 2538 quid
761 2456 839 2522 licet
861 2449 1061 2538 concludere,
1084 2453 1229 2520 homines
1260 2453 1465 2539 grammatici
1487 2453 1549 2520 nisi

249 2554 344 2622 fallor
385 2562 509 2625 certam
541 2560 688 2644 regulam
720 2559 783 2626 sibi
816 2559 1067 2639 constituerant,
1098 2564 1134 2625 ut
1155 2556 1211 2624 ubi
1233 2559 1370 2641 primam
1392 2557 1549 2642 syllabam

246 2661 474 2743 produxissent
496 2663 602 2729 altera
634 2664 852 2747 corriperetur
883 2670 916 2730 et
946 2665 1014 2731 viee
1043 2683 1147 2732 versa.
1204 2662 1340 2749 δείκηλον
1369 2684 1445 2731 vero
1479 2684 1551 2732 cum

247 2766 341 2833 Iones
364 2766 484 2833 dixisse
507 2767 693 2836 Herodotus
716 2769 761 2856 (11
787 2771 862 2853 171)
887 2768 1056 2852 probabile
1079 2770 1214 2853 reddat,
1249 2775 1364 2853 sponte
1387 2767 1550 2855 intellegi-

246 2891 327 2956 mus,
351 2891 413 2955 quo
435 2872 506 2939 iure
527 2879 644 2957 poetae
666 2875 727 2941 hac
751 2875 855 2941 forma
876 2876 925 2941 uti
947 2875 1121 2959 potuerint.
1166 2875 1284 2942 Utrum
1306 2880 1414 2941 autem
1438 2880 1550 2942 auctor

248 2979 556 3064 apophthegmatum
589 2998 699 3047 eorum
730 2982 875 3063 exemplo
904 2980 1063 3047 adductus
1092 2985 1148 3047 aut
1180 2981 1255 3064 quia
1282 2981 1429 3065 regulam
1460 2979 1550 3046 illam

249 3080 430 3165 ignorabat,
464 3083 649 3170 δεικηλίκτας
672 3086 841 3168 scripserit
863 3105 903 3152 au
927 3085 1096 3171 δικηλίκτας
1120 3085 1252 3169 abipso
1276 3086 1430 3169 scriptum
1451 3083 1549 3152 libra·

250 3188 372 3254 riorum
394 3177 488 3270 c'ulpa
510 3190 543 3255 in
565 3191 753 3276 δεικηλίκτας
777 3191 895 3260 abierit
917 3212 979 3259 non
1002 3192 1112 3276 liquet.

336 3292 415 3360 Tres
440 3294 537 3360 etiam
562 3296 734 3378 supersunt
757 3299 886 3384 glossae
909 3299 942 3364 in
965 3298 1114 3385 catalogo
1136 3304 1259 3380 nostro,
1283 3297 1323 3363 de
1346 3294 1462 3379 quibua
1485 3296 1549 3362 sin-

249 3394 385 3477 gillatim
407 3397 507 3466 verba
530 3399 694 3468 iaciamus.
745 3405 790 3469 Ae
815 3403 855 3469 dc
874 3400 1048 3468 Ἐλευσίνια
1071 3403 1200 3487 quidem
1222 3403 1371 3469 similiter
1393 3399 1550 3484 iudicabi7
1579 3409 1585 3416 '

251 3519 322 3567 mus
345 3509 442 3586 atque
467 3505 507 3574 de
530 3508 685 3593 γαιήοχος.
745 3508 943 3590 Quamquam
974 3510 1059 3575 enim
1080 3509 1174 3575 titulo
1197 3508 1415 3576 illustrissimo
1438 3509 1471 3575 in
1492 3509 1550 3574 bo·

252 3625 363 3678 norem
385 3612 581 3678 Damononis
612 3611 713 3695 lapidi
736 3612 896 3695 insculpto
919 3618 1047 3680 constat
1074 3611 1255 3680 Laconibus
1286 3618 1449 3679 certamen
1470 3613 1550 3680 illud

249 3716 379 3797 proprie
397 3713 581 3782 Ἐλεσίιίνια
604 3719 775 3802 audivisse,
799 3720 882 3786 sicut
904 3721 1092 3802 plerumque
1115 3738 1130 3784 a
1152 3720 1240 3785 inter
1254 3721 1335 3788 duas
1352 3722 1479 3787 vocales
1494 3739 1551 3803 po·

250 3819 348 3885 situm
370 3819 403 3886 in
425 3820 503 3887 heta
526 3821 705 3903 mutabant,
730 3823 901 3890 admodum
924 3825 1004 3890 levis
1027 3823 1179 3907 Hesychii
1202 3823 1295 3906 eulpa
1318 3830 1377 3904 est,
1401 3825 1551 3908 quoniam

251 3928 284 3988 et
307 3923 548 3992 Atheniensium
571 3927 670 3995 ferias
693 3929 920 3996 celeberrimas
944 3930 984 3996 ab
1007 3930 1118 3996 Eleusi
1141 3930 1259 4012 oppido
1289 3929 1470 3996 nominatas
1491 3947 1549 4011 po·

249 4026 409 4094 tissimum
429 4029 463 4094 in
487 4031 593 4098 animo
615 4052 673 4100 suo
695 4033 849 4103 habuisse
873 4055 945 4102 eum
969 4042 1219 4102 consentaneum
1235 4041 1295 4119 est,
1319 4031 1423 4101 etsub
1436 4033 1550 4100 eadem

255 4149 329 4199 voce
361 4133 402 4200 de
424 4135 500 4202 Iove
522 4137 688 4205 Eleusinia
721 4138 762 4207 ab
784 4141 914 4208 Ionibus
945 4144 1031 4208 culto
1064 4141 1257 4225 disputatur.
1280 4177 1323 4192 -
1357 4140 1478 4206 Verum
1510 4140 1551 4206 de

250 4255 329 4305 voce
351 4237 492 4311 Σοκεατίς
521 4241 598 4323 quid
630 4242 808 4311 iudicemus
839 4245 960 4332 ambigi
982 4265 1078 4329 posse
1100 4247 1237 4312 videtur.
1294 4247 1385 4312 Hanc
1412 4244 1552 4326 glossam

250 4341 337 4409 inter
358 4342 536 4411 Laconicas
557 4345 760 4414 referendam
789 4368 861 4416 esse
891 4350 1081 4418 documento
1115 4356 1165 4418 est
1195 4351 1412 4437 fragmentum
1434 4351 1553 4420 Sosibii

253 4444 294 4513 ab
314 4448 482 4516 Athenaeo
505 4450 567 4534 (Ill
588 4471 619 4534 p.
641 4459 682 4519 78
695 4454 733 4538 Ο)
756 4453 964 4537 descriptum.
1011 4455 1155 4524 Sosibius
1177 4475 1254 4523 vero
1277 4456 1396 4542 συκίτην
1421 4459 1552 4526 abace-

252 4551 595 4622 daemoniieLiberom
617 4559 814 4640 appellatum
837 4577 909 4626 ease
930 4568 1052 4628 narrat.
1098 4561 1187 4639 Quae
1201 4561 1304 4629 forma
1322 4563 1398 4646 quin
1413 4582 1449 4630 se
1462 4570 1552 4636 recte

251 4653 381 4740 habeat,
404 4677 466 4726 non
490 4665 541 4727 est
564 4663 647 4745 quod
671 4663 864 4731 dubitemus.
910 4666 1014 4732 Dares
1037 4667 1121 4733 enim
1144 4691 1159 4730 ε
1181 4667 1279 4734 aliam
1298 4670 1442 4736 vocalem
1462 4667 1552 4736 antess

253 4760 371 4828 cedens
403 4765 592 4848 saepissime
620 4767 687 4856 inc
717 4769 887 4836 deflexisse
918 4771 1063 4853 exempla
1093 4769 1135 4837 ab
1158 4771 1316 4838 Abrensio
1337 4772 1357 4838 l.
1371 4792 1398 4838 c.
1420 4792 1452 4856 p.
1480 4779 1552 4860 121,

255 4870 316 4934 207
341 4886 409 4949 sqq.
434 4873 571 4938 collecta
594 4871 825 4941 demonstrant.
878 4875 911 4942 Si
934 4880 1043 4940 autem
1066 4875 1152 4938 σακία
1174 4874 1258 4941 fieris
1275 4875 1316 4942 ab
1341 4877 1388 4942 eis
1410 4879 1554 4950 nomina·
