3814 5370
1002 797 1048 874 11.

410 957 462 1030 lio
484 957 826 1046 lexicographorum
849 959 981 1045 glossis
1002 960 1048 1028 ad
1069 979 1127 1030 res
1148 958 1341 1028 Laconicas
1362 957 1638 1046 pertinentibus.

466 1135 591 1214 Quanta
612 1135 710 1203 fuerit
731 1140 875 1202 veterum
899 1137 1179 1222 grammaticorum
1202 1135 1366 1218 doctrina,
1391 1134 1454 1201 etsi
1475 1135 1579 1221 magis
1601 1153 1668 1200 ma-

378 1244 491 1328 gisque
515 1241 621 1308 edocti
651 1259 757 1309 sumus
781 1261 820 1307 ex
842 1260 903 1324 quo
927 1242 1048 1308 scholia
1070 1243 1103 1306 in
1125 1247 1238 1325 poetas
1261 1247 1294 1308 et
1317 1240 1491 1324 scriptores
1522 1241 1668 1323 antiquos

378 1348 555 1431 composita
589 1352 684 1429 atque
714 1365 827 1412 vocum
859 1347 1096 1414 reconditarum
1130 1348 1179 1412 vel
1209 1347 1466 1413 dialecticarum¹
1484 1346 1669 1412 collationes

377 1452 486 1536 probis
510 1452 702 1518 editionibus
730 1453 764 1516 in
792 1453 894 1518 lucem
927 1452 978 1518 edi
1002 1458 1133 1533 coeptae
1156 1457 1246 1535 suut,
1285 1457 1393 1516 tamen
1415 1451 1548 1516 multum
1572 1451 1669 1516 etiam

377 1559 492 1624 abesse
516 1556 666 1641 arbitror,
689 1563 725 1623 nt
746 1577 852 1624 veram
875 1559 1077 1640 numerisque
1101 1555 1244 1622 omnibus
1260 1555 1439 1623 absolutam
1454 1556 1669 1640 cognitionem

376 1661 468 1730 nobis
489 1664 648 1745 possimus
670 1682 867 1747 comparare,
892 1669 1046 1746 quantum
1058 1663 1190 1729 tandem
1204 1660 1378 1728 debeamus
1396 1680 1503 1728 eorum
1520 1661 1667 1727 assiduae

377 1768 574 1855 diligentiae.

462 1874 607 1957 Namque
629 1875 754 1941 iactura
776 1874 863 1940 iacta
885 1873 1038 1940 librorum
1067 1894 1087 1940 a
1114 1873 1300 1956 proceribus
1329 1875 1410 1940 artis
1438 1875 1667 1958 grammaticae

376 1980 568 2062 scriptorum
589 1981 622 2045 in
645 1981 755 2046 lexicis
779 1986 811 2046 et
834 1981 1043 2062 compendiis,
1068 1979 1241 2062 exquibus
1264 1981 1435 2063 praecipue
1459 1998 1568 2045 eorum
1589 1980 1667 2045 ima·

375 2086 464 2168 gines
487 2086 601 2151 animis
624 2086 742 2150 nostris
771 2104 865 2168 posse
887 2085 1054 2151 informari
1085 2084 1151 2149 dixi
1180 2085 1294 2150 mirum
1316 2086 1348 2149 in
1370 2085 1498 2151 modum
1528 2085 1669 2166 pretiosa

376 2210 448 2258 cum
469 2190 615 2258 futilibus
636 2191 796 2273 permixta
817 2193 901 2256 aunt.
960 2191 1119 2255 Videlicet
1140 2195 1214 2271 post
1237 2191 1321 2255 viros
1345 2191 1493 2256 eximiam
1516 2191 1666 2256 eruditio-

374 2315 446 2362 nem
468 2295 632 2362 indefesso
655 2297 761 2362 studio
785 2296 919 2378 adeptos
943 2315 1014 2360 mcx
1036 2296 1172 2361 increvit
1193 2296 1311 2361 inertia
1335 2302 1430 2378 atque
1454 2300 1567 2377 stupor
1585 2315 1664 2362 corn·

373 2402 555 2484 pilatorum.
610 2401 660 2466 Ex
688 2420 749 2483 quc
781 2400 901 2466 factum
933 2406 997 2479 est,
1030 2406 1066 2466 ut
1089 2400 1211 2466 scholia
1241 2401 1291 2464 vel
1320 2401 1422 2465 lexica
1451 2399 1659 2483 perscrutanti

375 2524 501 2588 semper
535 2512 686 2572 accurata
721 2506 942 2588 disquisitione
974 2524 1053 2587 opus
1085 2506 1127 2571 sit
1157 2511 1193 2570 ut
1226 2524 1264 2570 ea
1287 2524 1368 2586 quae
1392 2506 1512 2588 probae
1535 2503 1657 2590 originis

374 2613 454 2695 sint,
488 2610 527 2678 ab
550 2611 717 2678 inutilibus
741 2633 778 2678 ac
801 2631 899 2694 saepe
923 2611 1153 2677 commenticiis
1181 2617 1346 2696 segreget:
1378 2612 1428 2677 his
1452 2613 1505 2694 qui
1528 2609 1661 2692 confidit,

375 2717 439 2784 illis
462 2717 517 2800 qui
538 2719 653 2785 leviter
676 2717 803 2800 diffidit,
825 2719 949 2799 pariter
971 2723 1115 2800 peccant.

460 2823 549 2889 Haec
585 2842 681 2905 quam
708 2823 844 2889 maxime
873 2823 951 2888 mihi
980 2829 1073 2890 erunt
1103 2824 1244 2890 tenenda
1273 2825 1464 2906 inquisituro
1486 2823 1519 2888 in
1543 2824 1667 2908 glossas

374 2927 550 2994 Laconicas
584 2947 666 3011 quae
700 2929 733 2993 in
767 2929 1066 3014 lexicographcrum
1099 2948 1191 2995 serae
1224 2931 1343 2995 aetatis
1375 2927 1524 3010 operibus
1548 2933 1666 2995 extant.

373 3034 419 3099 Ac
440 3035 577 3115 primum
600 3034 725 3116 quidem
749 3035 776 3099 si
800 3035 990 3118 quaerimus,
1014 3035 1055 3099 de
1078 3034 1192 3116 quibus
1213 3035 1324 3100 lexicis
1346 3035 1379 3099 in
1401 3035 1460 3100 hac
1482 3035 1668 3116 quaestione

373 3140 499 3206 omnino
523 3139 566 3204 sit
589 3139 767 3224 agendum,
801 3140 971 3222 apparebit
999 3141 1032 3204 in
1055 3140 1215 3222 Hesychio
1238 3140 1452 3206 Alexandrino
1484 3138 1575 3204 nobis
1597 3157 1668 3204 ver-

374 3245 509 3311 sandum
533 3263 604 3310 esse
626 3264 730 3326 paene
752 3264 832 3328 uno,
868 3246 984 3328 qnippe
1008 3247 1060 3327 qui
1082 3246 1177 3330 longe
1201 3245 1380 3312 uberrimas
1404 3245 1667 3331 glossographiae

374 3350 482 3432 copias
500 3368 538 3414 ex
552 3349 746 3435 Diogeniani
768 3347 1033 3436 Περιεργοπένησιν
1050 3351 1256 3432 depromptas
1269 3350 1428 3416 exhibeat.
1463 3351 1521 3416 Oui
1536 3351 1569 3414 in
1584 3351 1668 3433 glos·

374 3455 419 3522 sis
441 3455 609 3521 Laconicis
633 3456 799 3522 tradendis
822 3463 919 3538 atque
942 3457 1137 3539 explicandis
1161 3476 1243 3539 quae
1266 3456 1470 3522 necessitudo
1486 3455 1668 3522 intercedat

373 3579 443 3626 cum
473 3560 606 3642 reliquis
638 3561 749 3627 lexicis
772 3563 945 3628 rideamus.
1003 3562 1093 3641 Quod
1128 3563 1156 3628 si
1177 3562 1391 3646 Etymologici
1412 3561 1524 3646 Magni
1553 3561 1668 3646 ingens

372 3667 519 3732 volumen
551 3666 693 3750 adimus,
737 3668 884 3752 exiguum
913 3673 1039 3734 tautum
1069 3686 1233 3734 numerum
1264 3667 1441 3750 reperimus
1475 3667 1667 3752 glossarum,

376 3789 457 3854 quae
472 3771 532 3837 huc
548 3769 683 3837 iaciant:
708 3791 745 3837 ac
757 3773 929 3854 pleraeque
942 3775 1027 3839 ultra
1039 3772 1234 3856 Hesychium
1251 3772 1329 3837 nihil
1352 3791 1410 3838 nos
1433 3773 1558 3838 docent.
1604 3771 1670 3837 Sed

375 3882 483 3942 tamen
501 3882 584 3960 sunt,
608 3895 690 3958 quae
710 3877 738 3942 si
760 3895 822 3942 non
842 3879 938 3960 plane
957 3877 1078 3943 eisdem
1103 3875 1209 3943 verbis
1233 3883 1266 3943 at
1289 3883 1377 3944 certe
1401 3876 1556 3944 similibus
1580 3882 1668 3942 utro-

377 3981 491 4064 quein
513 3981 615 4048 lexico
637 3982 795 4064 legantur.
840 3981 908 4048 Has
932 3983 1031 4068 igitur
1053 3983 1302 4065 perlustremus:

639 4104 677 4170 E.
692 4105 734 4170 M.
1313 4108 1391 4175 Hes,

414 4207 602 4293 Ἀγιάδαι·
635 4211 724 4282 τόπος
753 4212 782 4275 ἐν
805 4212 1003 4299 Λακεδαιμα-
1077 4208 1267 4295 Ἀγιάδαι·
1290 4214 1666 4299 τόπαςένΛακεδαιμονία.

371 4316 428 4402 riq.
473 4313 522 4380 καὶ
546 4317 572 4380 οἱ
597 4317 727 4402 βασιλεῖς
750 4315 808 4381 ἀπὸ
826 4316 951 4403 Ἄγιδος.
1034 4315 1084 4380 καὶ
1116 4319 1143 4381 οἱ
1175 4320 1304 4405 βασιλεῖς
1340 4317 1373 4382 δὲ
1404 4320 1481 4384 οὕτω
1510 4322 1670 4385 καλοῦνται

1036 4421 1094 4488 ἀπὸ
1112 4421 1236 4506 Ἄγιδος.

416 4525 597 4612 ἁρπίδες·
632 4525 668 4590 τὰ
691 4527 883 4613 ὑποδήματα,
924 4529 1002 4615 ἃδὴ
1080 4528 1456 4618 ἁρπίδες·κρηπῖδεςῆ
1481 4531 1668 4617 ὑποδήματα.

372 4630 421 4695 καὶ
461 4631 606 4717 κρηπῖδας
649 4635 783 4696 καλοῦσι.
855 4634 1005 4717 Sequitur
1036 4631 1191 4706 Λάκωνες.

373 4739 479 4820 ampla
502 4736 689 4805 dissertatio
716 4740 938 4826 etymologica.

416 4839 572 4931 Κίρρις·
603 4839 681 4917 εἶδος
705 4843 819 4933 ἱέρακος
849 4844 1004 4932 (debebat
1079 4847 1203 4936 κίρις·
1225 4847 1349 4936 λύχνος,
1383 4844 1481 4935 ὄρνεον
1504 4842 1667 4933 idaeae.
