3814 5370
890 405 930 464 53

346 569 442 638 Fides
463 591 539 638 xero
562 591 644 654 quae
667 572 710 636 sit
733 571 895 654 Hesychia
917 571 950 635 in
972 571 1089 652 glossis
1112 571 1153 636 ad
1178 571 1407 653 Spartanorum
1432 591 1485 639 res
1509 591 1561 640 sa-

260 695 334 743 cras
356 677 591 759 pertinentibus
613 675 778 759 habenda,
801 677 861 740 hac
886 676 1105 760 disputatione
1128 678 1271 742 nonnihil
1294 681 1439 759 augetur.
1483 680 1561 745 Ete-

260 782 324 845 nim
356 783 576 867 cognoscimus
607 783 640 846 in
672 781 783 866 glossa
812 780 906 846 modo
929 786 1072 846 tractata
1095 781 1159 846 iam
1182 783 1216 846 in
1237 782 1358 866 lexico,
1393 784 1477 865 quod
1500 783 1561 851 fuit

261 887 425 972 ἀρχέτυπον
438 887 644 970 Hesychiani,
670 884 788 951 Sosibii
809 883 910 950 libros
933 884 1095 952 adhibitos
1110 887 1220 952 fuisse.
1265 886 1348 952 Num
1358 888 1457 954 verba
1469 894 1562 952 ταῦτα

263 991 289 1054 δ’
313 990 374 1055 ἐπὶ
395 995 490 1078 ψευδῆ
514 1010 616 1072 usque
641 991 681 1056 ad
703 989 798 1054 finem
821 988 861 1056 ab
884 990 1045 1072 Hesychio
1067 991 1118 1056 vel
1139 992 1247 1073 potius
1271 989 1311 1056 ab
1335 1011 1396 1058 uno
1419 993 1562 1075 quolibet

260 1115 300 1160 ex
331 1099 397 1180 eis,
431 1096 486 1178 qui
516 1097 550 1160 in
574 1094 784 1176 excerpendis
807 1085 1019 1160 vetustiorum
1041 1097 1323 1178 grammaticorum
1344 1097 1456 1164 lexicis
1477 1099 1561 1164 viam

260 1203 291 1265 ei
312 1203 510 1282 praeierant,
534 1200 661 1266 adiecta
685 1218 756 1270 esse
781 1218 819 1264 ex
835 1199 982 1281 opinione
998 1201 1132 1285 vulgata
1148 1219 1244 1266 verae
1258 1202 1562 1284 gymncpaediarum

214 1329 219 1340 ·
262 1305 473 1386 descriptioni
505 1305 537 1370 in
561 1324 619 1370 avo
642 1309 679 1369 ut
701 1305 748 1369 ita
779 1303 883 1370 dicam
917 1304 1012 1370 lexici
1035 1305 1231 1388 Hesychiani
1259 1307 1409 1384 inventae
1437 1309 1561 1390 perspi-

261 1427 354 1473 cuum
378 1414 438 1474 est.
619 1479 622 1483 ,
907 1459 912 1472 .

348 1513 482 1579 Constat
504 1514 604 1598 igitur
627 1532 666 1577 ex
689 1513 735 1578 eis
766 1531 846 1594 quas
876 1513 972 1578 attuli
1005 1513 1123 1598 glossis
1156 1515 1336 1581 doctrinam
1360 1515 1562 1582 Sosibianam

258 1619 291 1682 in
315 1619 473 1701 Hesychio
498 1637 693 1700 comparere.
748 1618 818 1696 Qua
848 1619 888 1684 de
919 1637 954 1683 re
979 1638 1050 1684 cum
1073 1617 1215 1684 dubitari
1236 1639 1333 1702 posse
1356 1623 1442 1687 nullo
1464 1631 1560 1704 pacto

258 1723 415 1800 videatur,
441 1725 538 1788 ctiam
563 1742 618 1806 ea,
650 1742 732 1804 quae
755 1723 935 1805 Hesychius
959 1741 1044 1788 svv.
1067 1724 1214 1808 conplices
1245 1732 1279 1790 et
1300 1725 1440 1798 κυνακίας
1461 1725 1560 1793 habet

258 1828 299 1893 de
316 1829 462 1909 Apolline
486 1829 540 1910 qui
563 1833 715 1908 quattuor
731 1827 878 1893 manibus
901 1828 1069 1908 praeditus
1094 1848 1165 1894 esse
1189 1829 1392 1912 aSpartanis
1415 1832 1559 1898 creditus

257 1933 310 2014 sit,
335 1952 374 1998 ex
397 1933 522 1998 Sosibio
545 1933 772 2014 grammaticos
797 1931 837 1996 ab
861 1933 1021 2015 Hesychia
1045 1934 1234 2015 compilatos
1257 1936 1404 2000 hausisse
1428 1955 1557 2002 consec·

257 2039 377 2103 tarium
401 2043 461 2103 est.
514 2037 595 2102 Nam
619 2056 691 2103 eum
715 2038 754 2103 de
776 2037 863 2102 illius
886 2037 1043 2118 Apollinis
1066 2039 1154 2104 cultu
1176 2039 1275 2105 verba
1298 2040 1414 2106 fecisse
1437 2040 1559 2108 diserte

257 2148 368 2208 narrat
393 2141 552 2208 Zenobius
582 2143 615 2206 in
647 2141 834 2223 explicando
863 2141 1033 2224 proverbio
1064 2141 1155 2206 ἄκουε
1186 2149 1238 2207 τοῦ
1268 2142 1305 2208 τὰ
1336 2145 1467 2231 τέσσαρα
1497 2149 1560 2210 ὦτα

256 2247 376 2333 ἔχοντος
409 2249 497 2313 hisco
530 2249 560 2330 (l
585 2249 656 2332 54):
689 2249 708 2331 ἡ
740 2247 884 2332 παροιμία
916 2247 1115 2332 παραγγέλλει
1145 2247 1204 2333 (sic
1234 2248 1317 2315 liber
1338 2251 1463 2317 Atheus
1486 2271 1559 2318 oum

257 2353 449 2419 Bodleiano:
473 2370 556 2433 quae
579 2353 611 2416 in
633 2352 768 2432 reliquis
791 2358 903 2418 extant
925 2352 958 2416 in
974 2353 1085 2442 'Athon
1108 2355 1227 2418 omissa
1249 2355 1330 2419 nihil
1344 2356 1405 2422 huc
1420 2355 1558 2440 iaciunt)

257 2463 314 2520 τῶν
339 2457 547 2541 ἀληθευόντων
571 2454 699 2519 ἀκούειν.
739 2454 836 2528 abd-ele
859 2454 915 2541 γὰρ
938 2457 1154 2543 ἀψευδέατερος
1176 2463 1228 2521 τοῦ
1245 2457 1436 2542 Ἀπόλλωνος,
1461 2461 1492 2525 ὃν
1508 2485 1559 2524 τε-

255 2561 398 2648 τράχειρα
419 2558 469 2624 καὶ
491 2559 655 2646 τετράωτον
680 2560 835 2646 ἱδρύσαντο
858 2561 1110 2647 Λακεδαιμόνιοι,
1146 2565 1186 2635 ὣς
1217 2587 1292 2649 φησι
1312 2564 1477 2652 Σωσίβιος,
1515 2569 1559 2630 ὅτι

256 2672 387 2738 τοιοῦτος
410 2666 502 2752 ὤφθη
525 2663 673 2751 τοῖςπερὶ
696 2664 837 2751 Ἀμύκλαν
864 2667 1045 2752 μαχομένοις
1069 2665 1226 2752 (Ἀμύκλας
1238 2671 1274 2752 Β,
1299 2671 1353 2751 qui
1376 2671 1557 2758 μαχομένοις

257 2771 390 2855 omisit).

346 2875 464 2942 Sosibii
486 2894 559 2942 esse
588 2876 783 2960 doctrinam,
815 2896 897 2959 quae
927 2877 961 2942 in
984 2877 1093 2944 multis
1115 2878 1269 2961 Hesychii
1301 2880 1417 2962 glossis
1440 2881 1557 2947 adres

257 2983 488 3065 Spartanorum
510 2981 747 3065 pertinentibus
770 2983 968 3064 conspicitur
991 2984 1245 3049 demonstratum
1269 2990 1329 3050 est.
1375 2985 1440 3051 Sed
1461 2987 1557 3053 simul

255 3088 461 3172 cognovimus
484 3088 620 3169 vestigia
643 3088 767 3153 eteius
790 3087 866 3153 libri
888 3106 983 3169 quem
1006 3088 1045 3153 de
1069 3089 1224 3154 Alcmane
1248 3089 1395 3174 scripsit,
1431 3093 1557 3158 eteius

258 3212 351 3274 quem
375 3189 440 3277 περὶ
463 3197 520 3255 τῶν
544 3193 573 3254 ἐν
597 3191 804 3276 Λακεδαίμονι
826 3193 947 3256 θυσιῶν.
1001 3194 1116 3274 Itaque
1138 3213 1221 3259 nova
1243 3193 1388 3261 oboritur
1410 3198 1556 3277 quaestio

255 3303 364 3364 utrum
387 3317 497 3363 omnes
520 3299 648 3382 glossae
679 3317 717 3362 ex
740 3298 970 3381 Spartanorum
1002 3319 1038 3364 re
1071 3319 1165 3364 sacra
1192 3300 1315 3382 petitae
1347 3302 1388 3366 ad
1419 3303 1556 3368 alterum

255 3411 362 3470 utrum
386 3423 424 3470 ex
448 3404 494 3469 eis
516 3403 708 3469 referendae
731 3405 797 3469 sint
824 3425 864 3470 an
886 3405 919 3469 in
942 3405 992 3470 his
1015 3410 1049 3470 et
1070 3405 1150 3486 ipsis
1173 3412 1310 3487 utroque
1332 3406 1415 3472 libro
1437 3409 1555 3474 lexico-

255 3509 396 3593 graphos
417 3526 493 3573 usos
517 3526 588 3572 esse
611 3508 679 3572 veri
703 3508 806 3572 simile
830 3507 896 3573 fiat.
950 3508 1052 3586 Quam
1076 3509 1297 3590 quaestionem
1319 3529 1432 3577 vereor
1453 3519 1490 3579 ut
1513 3515 1556 3579 ad

256 3609 411 3694 liquidum
433 3614 592 3695 possimus
615 3612 803 3694 perducere.
849 3612 933 3678 Nam
945 3612 1070 3678 Sosibio
1094 3613 1127 3678 in
1149 3612 1232 3678 libro
1256 3615 1296 3680 de
1312 3616 1464 3682 Alcmene
1480 3628 1554 3683 con-

255 3717 424 3784 scribendo
458 3737 688 3800 saepenumero
720 3718 760 3783 de
794 3718 895 3783 sacris
929 3724 1026 3798 atque
1057 3718 1097 3783 de
1125 3718 1287 3802 virginum
1320 3739 1553 3804 puerorumque

255 3828 353 3888 cantu
375 3827 408 3886 et
430 3823 602 3888 saltatione
625 3822 725 3888 verba
747 3823 895 3888 facienda
916 3823 1017 3888 fuisse
1034 3841 1093 3904 per
1106 3841 1141 3888 se
1157 3822 1286 3904 quidem
1302 3833 1552 3893 consentaneum

254 3932 315 3993 est.
370 3926 489 3991 Verum
512 3929 540 3992 si
562 3926 746 4013 fragmenta
770 3928 887 3994 Sosibii
910 3926 1026 4010 quibus
1047 3928 1162 3994 titulus
1192 3928 1222 3991 ἐν
1251 3933 1293 4014 τῷ
1323 3931 1374 3994 vel
1405 3930 1554 4019 τοῖςπερὶ

254 4029 412 4115 Ἀλκμᾶνος
435 4030 617 4113 adscriptus
641 4041 690 4098 est
712 4035 973 4117 perlustraveris,
995 4033 1118 4100 videbis
1141 4053 1180 4099 ea
1202 4034 1237 4100 id
1260 4036 1365 4101 omnia
1389 4055 1553 4105 commune

254 4133 394 4214 habere,
424 4140 460 4201 ut
482 4135 614 4201 verbum
637 4138 826 4202 inusitatum
848 4138 924 4220 quid
948 4137 1108 4223 significet
1131 4139 1178 4204 eis
1201 4139 1387 4220 explicetur.
1438 4143 1553 4226 ltaque

253 4241 348 4308 facile
372 4259 409 4305 eo
432 4240 612 4324 adduceris,
636 4245 673 4307 ut
696 4261 752 4308 eas
775 4244 899 4324 glossas
923 4262 1005 4324 quae
1028 4263 1091 4309 non
1113 4248 1182 4309 tam
1204 4244 1294 4309 verbi
1311 4245 1553 4331 alicuiusquam

254 4347 304 4412 rei
326 4365 438 4412 sacrae
462 4347 707 4428 explicationem
730 4349 992 4430 qualemcumque
1015 4349 1188 4432 continent,
1212 4349 1255 4414 ad
1277 4349 1393 4416 librum
1416 4352 1483 4439 περὶ
1495 4355 1553 4418 oo-

252 4603 471 4676 ἐνομοθέτησε-
493 4633 522 4643 -
543 4604 586 4656 καὶ
604 4605 650 4676 τὴν
669 4605 873 4675 γυμνοπαιδείαν,
900 4603 917 4678 ᾖ
936 4607 994 4665 τοὺς
1012 4606 1122 4680 ἐφήβους
1145 4607 1270 4678 ἠνάγκαζε
1296 4607 1336 4660 διὰ
1360 4610 1454 4668 παντὸς
1473 4612 1508 4682 μὴ
1528 4610 1552 4662 ἔ-

253 4711 345 4764 χοντας
363 4693 470 4766 χλανίδα
488 4694 631 4765 γυμνασίοις
649 4694 810 4766 προσκεῖσθαι
829 4697 872 4748 καὶ
892 4695 1056 4767 ἀγωνίζεσθαι
1070 4697 1205 4769 δημοσίους
1218 4697 1308 4769 ἀρετῆς
1321 4698 1428 4770 ἀγῶνας.
1465 4701 1553 4754 Maxi·

253 4799 312 4837 mus
331 4783 394 4854 Tyr.
414 4784 492 4855 (diss.
503 4783 542 4838 Vl
551 4785 580 4854 S)
600 4784 738 4840 Larianus
758 4785 803 4856 (de
822 4788 916 4841 saltat.
938 4790 982 4856 12)
1002 4787 1070 4841 nihil
1087 4787 1194 4844 docent.
1231 4787 1385 4842 Pausaniae
1404 4789 1456 4855 (III
1472 4793 1553 4862 ll,7)

252 4873 335 4927 verba
354 4875 462 4942 glossae
480 4875 535 4943 ipsi
554 4874 735 4929 adscribenda
755 4882 825 4929 sunt.
846 4876 906 4930 vide
924 4893 951 4944 p.
970 4879 1012 4930 57.
