3814 5370
834 401 872 462 21

204 573 332 662 ambigi
353 592 415 641 non
436 578 554 656 potest.
600 575 703 653 Quam
724 573 823 657 igitur
844 572 996 656 puniendi
1017 573 1176 638 rationem
1197 570 1445 638 Lacedaemonii
1468 573 1501 638 in

203 705 243 752 re
266 703 330 751 una
351 681 520 749 admisisse
543 677 749 762 dicebantur,
785 697 856 746 eam
879 678 921 745 ad
943 678 1050 745 omnia
1071 682 1206 761 peccata
1236 677 1402 744 transtulit
1434 678 1502 746 sive

209 795 377 874 excerptor
408 787 476 854 sive
498 783 580 853 liber
602 789 780 868 excerptus.
836 783 924 850 Nihil
946 785 1031 850 enim
1050 781 1161 866 refert,
1184 782 1250 848 utri
1273 782 1316 848 sit
1337 781 1417 850 illud
1437 783 1496 850 im-

208 895 392 980 putandum.
418 931 457 942 -

293 998 406 1082 Capite
446 1002 483 1062 17
516 995 788 1063 Lacedaemonios
811 1013 906 1078 quam
935 993 1157 1060 tenacissimos
1191 992 1290 1060 fuisse
1321 993 1401 1060 artis
1434 1012 1502 1061 mu·

204 1105 291 1172 sicae
313 1106 462 1169 uetustae
478 1099 657 1182 Terpandri
682 1107 715 1165 et
729 1099 889 1166 Timothei
911 1098 1064 1182 exemplis
1087 1096 1323 1181 comprobatur.
1367 1098 1502 1165 AcTer-

202 1209 328 1293 pander
351 1207 480 1290 quidem
503 1204 620 1271 dicitur
643 1203 684 1270 ab
708 1205 836 1288 ephoris
858 1205 890 1269 in
914 1204 963 1272 ius
982 1208 1113 1270 vocatus
1130 1223 1211 1287 esse,
1236 1203 1310 1286 quia
1326 1203 1502 1270 octochor-

207 1315 268 1394 dis,
290 1331 354 1378 non
377 1311 470 1378 sicuti
491 1329 560 1376 mos
576 1314 647 1375 erat
669 1315 803 1392 septem,
824 1308 981 1374 citharam
996 1308 1203 1374 instruxerat.
1249 1307 1413 1374 Citharam
1427 1327 1502 1398 vero

209 1415 502 1509 προσεπαττάλευσαν
527 1414 647 1496 ephori.
705 1414 764 1480 Oui
794 1411 923 1479 fabulae
945 1430 985 1478 nc
1009 1413 1177 1478 credamus
1199 1411 1308 1478 variae
1331 1418 1406 1478 sunt
1428 1431 1502 1480 cau·

208 1547 272 1594 sae.
316 1526 344 1590 E
367 1521 552 1588 Philodemo
575 1520 659 1585 enim
681 1518 837 1603 Diogenis
859 1516 1029 1601 Babylonii
1051 1517 1091 1585 de
1115 1518 1194 1584 artis
1223 1517 1365 1583 musicae
1394 1518 1426 1584 vi
1449 1538 1501 1584 ar-

205 1637 355 1714 gumenta
384 1626 540 1694 afferente
574 1622 767 1708 (Philodami
798 1623 838 1689 de
868 1624 990 1689 musica
1020 1620 1129 1690 libror.
1161 1642 1243 1705 quae
1274 1629 1336 1689 ext.
1362 1623 1411 1690 ed.
1434 1624 1501 1690 Ioh.

205 1735 328 1802 Ke'mkc
361 1752 392 1816 p.
425 1732 477 1814 18)
507 1729 707 1810 intellegitur
738 1729 841 1794 altero
872 1733 946 1795 ante
978 1728 1033 1794 ch.
1058 1747 1087 1793 n.
1119 1730 1249 1794 sacculo
1280 1728 1502 1810 Terpandrum

206 1859 275 1906 eum
298 1837 458 1904 creditum
482 1852 564 1917 esse,
589 1834 643 1915 qui
665 1832 857 1899 seditionem
879 1832 1207 1899 Lacedaemoniorum
1229 1833 1409 1901 sedavisset
1431 1853 1502 1900 eos·

206 1965 264 2028 que
287 1941 475 2026 pestilentia
496 1937 709 2005 liberavisset.
754 1935 865 2019 Neque
888 1937 1093 2003 Philodemus
1116 1937 1186 2020 ipse
1209 1937 1242 2021 (l.
1261 1957 1287 2002 c.
1310 1957 1341 2019 p.
1359 1939 1501 2022 85-87)

184 2051 243 2116 ·de
265 2049 369 2114 multa
392 2047 498 2128 aliqua
522 2065 541 2110 a
564 2042 752 2125 Terpandro
776 2046 889 2107 exacta
912 2046 1111 2123 compertum
1139 2038 1290 2108 habuisse
1313 2042 1435 2124 aliquid
1456 2043 1503 2110 vi·

209 2156 315 2220 detur,
368 2152 456 2217 hdde
478 2168 560 2233 quae
584 2149 662 2214 dicit
684 2147 877 2213 Plutarchus
899 2146 932 2212 in
955 2147 1021 2213 vita
1043 2147 1157 2232 Agidis
1181 2143 1394 2212 describenda
1417 2147 1501 2228 (cap.

215 2256 286 2344 10):
309 2254 371 2320 ἐπεὶ
394 2254 575 2341 Τέρπανδρόν
599 2277 633 2336 γε
654 2250 703 2316 καί
728 2250 851 2337 Θάλητα
880 2249 930 2315 καί
954 2251 1127 2338 Φερεκύδην
1157 2251 1254 2322 ξένους
1284 2249 1369 2323 ὄντας
1402 2251 1446 2315 ὅτι
1466 2248 1503 2315 τὰ

211 2360 284 2426 αὐτοὶ
305 2367 346 2447 τῷ
365 2359 534 2446 Λυκούργῳ
557 2357 703 2422 διετέλουν
728 2353 848 2442 ᾅδοντες
869 2355 920 2420 καί
943 2359 1190 2444 φιλοσοφοῦντες,
1215 2357 1244 2420 ἐν
1268 2354 1389 2443 Σπάρτῃ
1412 2380 1501 2443 τιμη-

206 2467 295 2552 θῆναι
317 2467 517 2552 διαφερόντως
541 2501 581 2512 -
604 2483 706 2546 nequc
731 2463 1057 2546 praetermittendum
1083 2463 1209 2528 videtur
1222 2462 1415 2529 Pausaniam
1438 2461 1500 2546 (lll

206 2577 255 2656 12,
280 2571 334 2653 10)
358 2573 462 2654 ipsam
484 2570 644 2653 porticum
667 2567 700 2654 (ἡ
723 2567 892 2653 καλουμένη
916 2566 1020 2651 Σκιάς)
1044 2587 1079 2634 sc
1102 2568 1221 2635 vidisse
1243 2567 1414 2651 hariolari,
1446 2567 1496 2633 cui

206 2681 328 2745 cithara
351 2675 512 2742 Timothei
543 2693 606 2740 non
633 2673 813 2757 Terpandri
844 2672 950 2740 adfixa
975 2673 1091 2741 fuisset
1120 2672 1160 2740 ab
1190 2674 1338 2757 ephoris:
1372 2673 1502 2738 ἐνταῦθα

209 2785 368 2872 ἐκρέμασαν
392 2781 629 2866 Λακεδαιμόνιοι
649 2780 702 2866 τὴν
727 2779 876 2865 Τιμοθέου
899 2784 950 2844 τοῦ
967 2779 1117 2865 Μιλησίου
1140 2778 1276 2866 κιθάραν,
1300 2780 1502 2862 καταγνόντες,

207 2891 248 2953 ὅτι
268 2890 391 2976 χορδαῖς
414 2885 488 2952 ἑπτὰ
509 2888 572 2960 ταῖς
604 2887 742 2973 ἀρχαίαις
771 2888 894 2972 ἐφεῦρεν
925 2887 956 2950 ἐν
988 2893 1023 2972 τῇ
1047 2886 1216 2973 κιθαρῳδία
1239 2884 1291 2949 δύο
1319 2885 1402 2970 (cod.
1427 2905 1501 2968 per-

206 3015 315 3078 peram
337 2994 497 3079 τέοοαρας)
520 2989 641 3079 χορδάς.
667 3030 704 3040 -
731 2991 819 3070 Quae
841 3010 917 3058 vero
941 2998 1109 3074 excerptor
1137 2989 1238 3058 habet
1269 2991 1309 3056 de
1332 2989 1499 3058 Timotheo

205 3100 338 3176 Milesio,
361 3104 395 3165 et
416 3099 533 3165 similia
556 3103 631 3164 sunt
654 3097 701 3164 eis
726 3116 807 3179 quae
829 3096 1018 3179 Terpandro
1042 3096 1198 3162 accidisse
1222 3096 1322 3179 dixit,
1346 3100 1379 3162 et
1402 3097 1496 3178 plane

205 3205 316 3270 eadem
346 3210 444 3286 atque
474 3222 556 3286 quae
577 3203 771 3268 Plutarchus
802 3202 904 3268 tradit
934 3202 974 3268 de
996 3201 1157 3285 Phrynide
1191 3200 1498 3285 (depretiaris.

200 3329 231 3392 p.
255 3310 298 3376 84
319 3310 372 3392 Α).
419 3309 467 3376 cf.
489 3310 588 3374 etiam
601 3309 693 3375 Dion.
718 3309 881 3391 chrysost.
897 3308 1019 3374 XXXII
1031 3313 1081 3373 67.
1105 3305 1269 3374 Artemon.
1285 3309 1370 3390 apud
1383 3309 1498 3375 Athen.

199 3415 276 3480 XIV
300 3419 362 3481 636
386 3414 422 3478 Ε.
446 3413 529 3479 Plut.
553 3413 649 3498 Agid.
674 3417 714 3477 10
748 3419 781 3479 et
814 3433 896 3496 quae
918 3413 1073 3479 Boethius
1100 3412 1154 3496 (de
1177 3431 1257 3478 mus.
1280 3412 1296 3477 Ι
1321 3411 1352 3498 1)
1384 3413 1424 3480 de
1447 3414 1500 3480 Ti-

198 3520 329 3586 motheo
354 3519 448 3584 dicit:
484 3518 751 3602 (Lacedaemonii)
786 3519 933 3599 quonium
956 3519 1000 3582 eis
1026 3517 1205 3582 Timotheus
1227 3517 1376 3583 Milesius
1404 3537 1501 3600 super

199 3645 249 3689 eos
272 3643 350 3706 quos
372 3629 530 3704 repererat
551 3643 649 3712 uuum
671 3623 796 3688 addidit
815 3643 946 3688 ueruuru
968 3643 1005 3688 uc
1027 3622 1229 3704 multiplicem
1244 3623 1395 3688 musicum
1413 3623 1499 3706 fecii,

199 3751 326 3816 cacque
348 3731 385 3796 de
407 3730 563 3795 Lacouicc
584 3731 817 3813 consultumque
839 3729 876 3794 dc
898 3748 931 3793 co
949 3730 1069 3811 fuctum
1093 3734 1201 3794 est-
1222 3729 1378 3811 Apertum
1399 3729 1500 3813 igitur

200 3843 252 3903 est
274 3837 335 3903 has
358 3854 411 3901 res
435 3854 499 3901 non
522 3835 602 3901 satis
625 3835 809 3902 constitisse
832 3841 928 3917 atque
949 3835 1073 3900 vanum
1095 3833 1127 3899 in
1151 3833 1279 3899 modum
1300 3833 1400 3900 fuisse
1423 3853 1497 3900 nar-

198 3947 301 4008 ratas.
358 3941 438 4008 Sunt
466 3939 616 4006 videlicet
647 3961 686 4008 ex
712 3942 826 4008 talium
847 3959 964 4024 genere
987 3941 1019 4004 in
1042 3937 1188 4023 qualibus
1210 3939 1244 4004 id
1267 3957 1393 4022 semper
1415 3941 1498 4007 solet

200 4046 359 4112 accidere.
404 4044 518 4126 Itaque
540 4044 621 4111 fides
642 4065 683 4111 ne
705 4047 755 4112 his
779 4046 906 4129 quidem
928 4047 994 4112 ulla
1017 4051 1067 4112 est
1087 4046 1149 4112 nisi
1171 4052 1335 4127 tamquam
1357 4044 1451 4112 fictis.

288 4150 366 4233 Cap.
391 4153 431 4214 22
462 4150 543 4216 satis
565 4148 735 4217 obscurum
757 4157 816 4218 cst.
874 4151 953 4218 Cum
975 4169 1050 4217 vero
1073 4151 1159 4233 apud
1180 4148 1387 4216 Heraclidem
1409 4152 1495 4235 lega·

198 4273 289 4321 mus:
315 4253 432 4318 Πωλεῖν
457 4252 490 4317 δὲ
512 4260 566 4340 γῆν
583 4254 833 4341 Λακεδαιμονίοις
857 4254 979 4342 αἰσχρὸν
1001 4257 1178 4340 νενόμισται.
1211 4252 1273 4339 Τῆς
1294 4252 1351 4340 γὰρ
1369 4256 1496 4342 ἀρχαίας

199 4359 305 4446 μοίρας
329 4359 529 4444 ἀνανέροοθαι
551 4360 605 4424 οὐκ
626 4359 734 4444 ἔξεστι,
759 4363 879 4444 optimo
901 4363 970 4430 iure
992 4362 1069 4427 mihi
1091 4361 1202 4427 videor
1224 4361 1418 4430 contendere
1441 4383 1495 4430 ex-

200 4465 314 4531 tremis
343 4463 451 4530 verbis
483 4467 591 4529 πωλεῖν
616 4468 643 4529 δ’
667 4467 720 4530 οὐκ
742 4469 808 4553 ἐξῆν
843 4467 883 4533 de
914 4467 1003 4552 agris
1024 4466 1201 4533 vendendis
1224 4483 1403 4534 sermonem
1424 4467 1495 4535 fieri

199 4569 253 4657 (cf.
278 4570 377 4636 Arist.
399 4572 463 4652 pol.
486 4570 535 4636 Ill
560 4576 641 4638 1266
653 4574 703 4656 B).
749 4574 866 4640 Iamsi
889 4590 968 4638 sana
991 4577 1065 4638 suut
1088 4590 1169 4655 quae
1187 4571 1391 4657 antecedunt,
1414 4574 1494 4641 hacc

199 4675 260 4742 luit
282 4676 442 4743 sententia
466 4695 592 4761 corum,
626 4697 760 4760 quorum
791 4678 1008 4746 narrationem
1032 4675 1160 4744 exhibet
1193 4682 1375 4760 excerptor:
1411 4677 1495 4758 Quot

200 4780 313 4866 iugera
336 4781 471 4868 singulis
502 4782 674 4865 Spartiatis
704 4785 777 4872 lege
798 4785 968 4870 Lycurgea
998 4781 1121 4849 tributa
1152 4788 1261 4868 crant,
1297 4784 1431 4850 totidem
1460 4782 1494 4848 in

200 4885 435 4968 possessionem
458 4886 563 4956 danda
587 4907 658 4956 esse
680 4891 861 4978 peregrinis
883 4890 948 4960 illis
971 4889 1182 4957 constituerat
1204 4887 1416 4976 legumlator,
1439 4893 1493 4980 qui
