3814 5370
995 345 1037 406 38

364 514 521 598 suspicari
554 514 749 599 Hesychium
780 532 905 598 quoque
939 511 1091 580 nonnulla
1112 511 1215 578 lexico
1236 511 1301 591 illi,
1333 511 1367 578 in
1398 531 1460 595 quo
1491 513 1587 580 solae·
1611 529 1672 580 res

366 621 545 688 Laconicae
567 625 728 687 tractatae
747 627 851 703 erant,
874 617 1013 699 debere3
1035 617 1070 684 id
1085 617 1170 700 quod
1185 615 1384 701 probabilius
1398 615 1561 684 ridebitur
1575 623 1669 701 post·

365 745 460 809 quam
483 726 524 793 de
545 725 676 793 vocibus
699 725 897 810 γυμνοπαιδία
920 732 953 792 et
974 722 1112 809 Σκιρίτγς
1134 727 1241 790 actum
1263 729 1322 790 est.
1369 723 1409 790 cf.
1432 742 1463 806 p.
1486 728 1538 790 40.

453 831 533 898 Sunt
555 835 727 915 praeterea
748 831 898 898 nonnulla
919 831 952 896 in
975 829 1114 897 Bekkeri
1136 830 1238 896 lexico
1261 831 1389 911 quinto,
1423 847 1505 912 quae
1528 849 1600 896 cum
1623 829 1672 896 ad

366 957 420 1004 res
441 937 618 1004 Laconicas
643 938 827 1018 pertineant
848 936 899 1003 vel
921 935 1084 1018 pertinere
1106 935 1286 1019 videantur,
1308 935 1342 1001 in
1361 935 1521 1019 Hesycbio
1544 935 1673 1002 fmstra

368 1043 559 1125 quaerimus.
605 1041 716 1126 Neque
738 1048 848 1110 tamen
871 1048 921 1109 est
944 1060 1001 1107 cur
1022 1041 1056 1106 in
1077 1040 1128 1108 his
1152 1040 1271 1108 diutius
1294 1060 1463 1108 moremur.
1519 1041 1602 1108 Nam
1625 1043 1672 1108 de

366 1167 444 1215 voce
468 1148 593 1220 ἁπλᾶς
615 1149 679 1215 iam
702 1147 861 1214 Hauricus
885 1146 1019 1214 Stehfen
1042 1146 1096 1230 (de
1123 1146 1352 1228 Spartanorum
1376 1165 1411 1213 re
1434 1146 1566 1213 militari
1587 1146 1670 1212 diss.

367 1255 475 1340 inaug.
498 1253 732 1337 Gryphiswald.
758 1259 837 1319 1881
862 1273 892 1336 p.
911 1253 980 1334 3l4)
1002 1254 1093 1317 recte
1112 1251 1267 1320 iudicavit
1289 1257 1323 1318 et
1345 1252 1590 1334 explicationem
1613 1271 1671 1318 ro-

368 1359 414 1426 cis
443 1357 646 1444 βάραθρον
678 1359 819 1424 clerico
842 1359 1023 1425 Atticorum
1045 1357 1239 1439 scriptorum
1271 1357 1531 1440 interpretationi
1562 1358 1669 1424 inser-

367 1465 475 1532 viente
497 1463 626 1530 fluxisse
647 1463 723 1529 inde
744 1463 823 1530 mihi
845 1469 1096 1530 consentaneum
1117 1463 1244 1529 videtur
1267 1481 1349 1543 esse,
1384 1463 1470 1547 quod
1491 1481 1670 1546 anonymus

366 1569 553 1654 plerumque
584 1588 656 1636 cum
677 1568 778 1634 E⁰M⁰
802 1574 834 1635 et
855 1569 1111 1652 Harpocratione
1135 1575 1168 1635 et
1191 1568 1305 1653 suida,
1337 1569 1391 1651 qui
1413 1587 1485 1635 eum
1507 1568 1670 1652 duplicem

368 1675 489 1741 habeat
512 1675 774 1759 explicationem,
807 1692 904 1740 unam
927 1694 966 1740 ex
988 1676 1243 1758 Harpocratione
1277 1676 1415 1741 alteram
1446 1675 1576 1742 aliunde
1603 1674 1669 1742 ior-

370 1787 460 1847 tasse
483 1799 501 1846 c
523 1780 638 1848 Photio
659 1781 783 1863 petivit,
808 1781 955 1864 concinit,
978 1781 1025 1847 ita
1047 1786 1155 1847 tamen
1177 1784 1214 1847 ut
1238 1782 1356 1846 ceteris
1372 1780 1415 1847 sit
1428 1780 1668 1850 anteferendus.

369 1885 559 1952 Accuratius
581 1904 657 1951 vero
678 1885 801 1953 fontem
822 1885 965 1952 indicare
988 1904 1051 1952 non
1073 1886 1167 1952 licet.»

298 1981 299 1984 ’
454 1991 503 2056 Ex
526 1991 588 2070 eis,
624 2010 705 2074 quae
730 1991 834 2058 adhuc
858 1991 1006 2075 exposui,
1040 1991 1257 2058 intelleximus
1288 1991 1413 2058 lexicon
1436 1991 1667 2077 Segneriannm

369 2096 501 2163 meliora
533 2115 591 2164 nos
622 2097 739 2163 docere
771 2103 804 2163 et
834 2097 994 2179 Hesycbio
1026 2102 1058 2163 et
1088 2096 1188 2162 E⁰M⁰
1210 2097 1243 2162 in
1266 2096 1313 2163 eis
1346 2096 1494 2182 vocibus,
1534 2118 1664 2182 quarum

370 2201 598 2285 explicationes
622 2203 719 2268 etiam
742 2204 775 2266 iu
798 2203 902 2268 altero
925 2209 999 2268 utro
1029 2221 1140 2269 corum
1161 2202 1375 2270 inveniuntur.
1431 2201 1522 2269 Nunc
1553 2211 1602 2271 est
1622 2207 1665 2271 vi-

372 2309 526 2394 dendum,
562 2308 638 2391 quid
669 2309 718 2374 rei
740 2310 784 2373 sit
807 2310 839 2372 in
861 2310 909 2374 eis
931 2305 1081 2391 vocibus,
1116 2327 1197 2389 quas
1218 2309 1283 2374 tria
1305 2309 1361 2375 illa
1383 2310 1486 2376 lexica
1508 2311 1658 2392 interpre-

369 2415 489 2482 tentur.
534 2415 580 2480 Ac
602 2415 738 2496 primum
763 2413 931 2479 dicendum
954 2418 1004 2479 est
1023 2413 1064 2479 de
1087 2432 1163 2479 voce
1188 2413 1402 2497 Γυμνοπαιδία.
1449 2416 1529 2482 Mire
1549 2413 1651 2479 verbo-

369 2539 425 2587 sus
449 2526 499 2587 est
522 2519 702 2602 Hesychius
724 2519 758 2584 in
781 2538 820 2585 ea
843 2519 1054 2601 explananda.
1112 2518 1232 2597 Quodsi
1265 2521 1545 2602 grammaticorum
1562 2515 1652 2584 uerba

373 2625 463 2692 iuxta
486 2625 708 2708 apposuimus:

585 2731 641 2796 BA
663 2748 693 2812 p.
718 2733 791 2796 234.
1311 2731 1387 2798 Hes.

413 2833 708 2921 Γυρνοπαιδία·
731 2835 762 2899 ἐν
785 2833 908 2921 Σπάρτγγ
931 2836 1003 2899 ποιῖ-
1080 2834 1372 2922 Γυρνοπαιδία·
1395 2837 1466 2903 ἔνιοι
1490 2837 1541 2924 μὲν
1564 2839 1663 2925 ἑορτήν

372 2945 420 3015 bec
443 2938 547 3027 γυμνοὶ
570 2943 696 3012 παιᾶνας
720 2937 839 3026 ᾄδοντες
862 2942 1001 3028 ἐχόρευον
1036 2965 1110 3028 φασι
1131 2941 1366 3028 Σπαρτιατικὴν,
1404 2945 1434 3008 ἐν
1456 2938 1476 3031 ᾖ
1499 2942 1568 3018 τοὺς
1591 2946 1667 3031 ἐφή-

370 3045 530 3112 Ἀπόλλωνι
551 3050 593 3131 τῷ
616 3041 755 3132 Καρνείῳ
777 3044 853 3110 κατὰ
874 3045 927 3132 τὴν
946 3046 1003 3110 αὐ·
1038 3048 1107 3134 βους
1128 3046 1229 3134 κόκλιρ
1251 3051 1383 3134 περιθεῖν
1399 3048 1448 3114 τόν
1463 3051 1493 3115 ἐν
1501 3047 1668 3136 Ἀμυκλαίῳ

368 3158 421 3218 τοῦ
442 3154 613 3238 πανήγυριν.
1038 3151 1138 3239 βωμόν
1161 3151 1320 3227 τύπτοντας
1343 3156 1482 3241 ἀλλήλων
1508 3155 1546 3220 τὰ
1577 3163 1668 3221 νῶτα.

415 3257 450 3324 Ε.
475 3257 518 3323 Μ.
545 3257 654 3341 Γυρν.
688 3255 775 3342 ἑορτὴ
806 3257 1003 3340 Λακεδαιμο-
1036 3263 1129 3322 ταῦτα
1152 3259 1186 3322 δέ
1208 3260 1270 3324 ἐστι
1292 3263 1416 3348 daubin
1438 3262 1468 3326 ἐν
1491 3259 1548 3348 γὰρ
1574 3263 1670 3349 ἀγορᾷ

370 3366 450 3448 νίων,
475 3365 504 3428 ἐν
527 3355 548 3450 ᾖ
570 3361 675 3434 παῖδες
696 3353 769 3448 ᾖδον
792 3367 834 3450 τῷ
844 3358 1019 3444 Ἀπόλλωνιγ
1036 3361 1229 3449 ἑορτάζουσι·
1263 3363 1375 3450 πληγαὶ
1405 3363 1438 3429 δὲ
1467 3366 1501 3430 od
1531 3368 1670 3452 γίνονται,

370 3476 496 3544 παιᾶνας
518 3467 622 3555 γυρινοὶ
644 3471 685 3543 εἰς
707 3467 775 3541 τοὺς
797 3465 863 3554 περὶ
888 3467 1001 3554 Θυρέαν
1036 3465 1111 3533 ἀλλὰ
1133 3469 1276 3554 πρόσοδοι
1297 3475 1396 3556 χορῶν
1419 3473 1667 3558 γεγυμνωμένων.

369 3578 522 3648 πεσόντας.
1537 3579 1540 3582 ’

373 3713 376 3718 ·
456 3683 521 3748 llum
542 3681 612 3746 Μ11111
635 3680 745 3748 eodem
780 3679 868 3746 fonte
899 3698 991 3746 usum
1018 3697 1089 3745 esse
1125 3683 1221 3762 atque
1244 3699 1434 3764 anonymum
1456 3682 1552 3750 facile
1574 3691 1669 3768 puta·

370 3789 484 3856 bimus.
528 3787 612 3854 Nam
636 3786 779 3869 quamvis
802 3785 887 3850 alter
908 3783 1030 3850 habeat
1052 3784 1230 3866 Apollinem
1257 3785 1432 3868 Caroeam,
1465 3788 1548 3855 alter
1570 3789 1669 3873 Spar-

372 3902 467 3961 tanos
489 3893 530 3960 ad
555 3893 711 3976 Thyream
734 3891 955 3973 interemptos,
977 3894 1087 3955 tamen
1108 3890 1236 3976 singula
1259 3889 1357 3958 verba
1378 3892 1426 3959 ita
1448 3892 1512 3960 sibi
1534 3913 1669 3978 respon·

373 4115 513 4187 Hesychii,
531 4129 602 4184 quae
620 4129 680 4168 oum
701 4111 827 4183 anonymi
846 4110 1020 4167 enarratione
1031 4127 1126 4166 vocum
1137 4113 1293 4185 γερουσία
1312 4114 1368 4167 καὶ
1386 4115 1540 4187 γέροντες
1558 4113 1596 4183 (p.
1607 4113 1671 4168 227.

367 4205 410 4264 ,οἱ
430 4221 456 4274 p.
476 4205 540 4274 234)
559 4201 731 4259 conferatur:
751 4201 869 4274 ἄρχοντες
887 4201 950 4273 ἦσαν
969 4201 994 4253 ἐν
1003 4198 1182 4272 Λακεδαίμονι,
1202 4203 1226 4256 οἱ
1243 4203 1293 4256 ἀπὸ
1312 4208 1357 4277 τῆς
1368 4203 1472 4276 πρώτης
1484 4203 1582 4277 ἡλικίας
1595 4205 1671 4276 μέχρι

373 4297 458 4368 γήρως
476 4295 562 4352 καλῶς
590 4292 740 4364 βεβιωκότες
757 4290 802 4344 τόν
820 4289 928 4363 ἀριθμὸν
947 4289 1036 4346 εἴκοσιν
1057 4292 1136 4346 dardi.
1178 4293 1210 4365 ἠν
1229 4293 1255 4346 δὲ
1274 4295 1290 4366 ἡ
1311 4293 1413 4366 μαγίσι-ιγ
1433 4294 1500 4368 ἀρχὴ
1528 4295 1591 4365 μετὰ
1608 4294 1668 4356 τοὺς

372 4384 477 4458 ἐφόρους
496 4385 512 4456 ἡ
532 4382 653 4455 γερουσία.
682 4381 752 4436 Nam
765 4380 896 4450 Hesychii
914 4382 1084 4454 γερουσία·
1104 4384 1277 4456 πρεσβυτέριον
1295 4381 1393 4456 πλῆθος
1411 4384 1534 4457 γερόντων
1549 4383 1671 4452 pertinet

372 4474 407 4530 ad
427 4473 560 4529 sodalicia
579 4487 672 4526 senum
689 4471 716 4525 in
736 4471 819 4525 Asiae
843 4471 956 4526 urbibus
985 4472 1114 4528 instituta
1139 4471 1185 4543 (ci.
1206 4473 1356 4528 Mommsen
1384 4473 1417 4528 R.
1437 4473 1468 4528 G.
1489 4475 1512 4529 V
1540 4490 1566 4543 p.
1586 4474 1669 4544 326);

370 4562 469 4619 deinde
488 4567 613 4634 γερῶα·
640 4561 767 4634 γερόντια,
795 4562 827 4634 ἠν
846 4561 891 4634 γὰρ
910 4561 1027 4634 σόστγμα
1045 4563 1169 4635 γερόντων
1197 4570 1245 4617 aut
1271 4565 1434 4637 γερωχία·
1462 4563 1532 4634 (cod.
1550 4563 1671 4637 γερωνία)

371 4653 484 4727 γεροντία
502 4653 569 4725 παρὰ
587 4648 706 4706 Λάκωσιν
724 4653 779 4722 [καὶ
788 4648 1005 4724 Λακεδαιμονίοις]
1024 4653 1068 4706 καὶ
1076 4647 1175 4726 Κρησίν
1194 4667 1249 4709 non
1268 4661 1331 4709 sunt
1349 4652 1428 4709 flocci
1447 4653 1585 4722 facienda3
1603 4653 1670 4721 quid

368 4749 464 4798 ‘autem
485 4743 537 4797 sibi
555 4741 637 4796 vellet
655 4744 855 4814 γεροάκται·
875 4743 898 4796 οἱ
916 4742 1044 4816 δήμαρχοι
1061 4744 1128 4816 παρὰ
1147 4740 1251 4797 Λάκωσι
1270 4743 1315 4814 (cf.
1330 4745 1446 4798 Ahrcns.
1466 4745 1499 4799 de
1517 4743 1581 4798 dial.
1601 4742 1669 4798 Dor.

370 4845 399 4904 p.
419 4834 464 4906 62)
484 4849 561 4890 nemo
579 4832 668 4889 adhuc
687 4834 817 4902 repperit.
