3814 5370
990 388 1029 452 12

353 561 525 628 lectionem
548 561 599 627 cui
620 558 808 627 inscribitur
828 559 945 627 titulus
968 558 1190 645 ἀποφθέγματα
1203 560 1363 626 Λακωνικά
1378 564 1497 644 redire,
1521 584 1593 632 cum
1609 583 1666 633 re-

354 666 513 748 liquorum
536 666 843 750 apophthegmatum
875 663 947 730 fons
980 666 1152 746 primarius
1183 672 1293 734 essent
1315 669 1480 734 Plutarchi
1512 675 1547 736 et
1574 672 1662 736 vitae

354 771 531 852 parallelae
554 775 587 836 et
609 771 730 852 scripta
753 788 836 851 quae
858 776 1014 836 vocantur
1028 770 1174 837 moralia.
1219 772 1310 838 Idem
1328 773 1424 840 evicit
1438 773 1661 860 ἀποφθέγματα

355 873 529 955 Λακωνικά,
554 895 573 940 a
597 874 710 958 quibus
733 875 892 940 ‘instituta
915 875 1086 940 Laconica'
1118 894 1181 941 non
1210 882 1301 943 recte
1324 882 1488 960 tamquam
1510 881 1661 961 proprius

354 978 481 1045 libellus
507 998 579 1045 cum
598 981 645 1046 eis
667 997 731 1044 non
754 979 930 1044 cohaerens
953 978 1171 1058 secluduntur,
1196 999 1348 1065 magnam
1371 987 1498 1072 partem
1522 1002 1560 1049 en
1582 985 1657 1051 Plu-

353 1085 459 1149 tarchi
480 1085 555 1150 vitis
579 1103 651 1150 esse
674 1083 822 1150 conflata.
867 1083 980 1148 Nonne
1001 1085 1066 1149 iam
1090 1085 1267 1152 conieceris
1289 1087 1322 1151 in
1345 1087 1392 1152 eis
1416 1105 1542 1170 quoque
1563 1090 1656 1156 lecti·

355 1189 424 1254 onis
447 1190 586 1255 omnium
609 1208 628 1254 a
651 1189 823 1254 Plutarcho
847 1191 1041 1270 scriptorum
1069 1190 1207 1271 vestigia
1239 1194 1451 1272 comparere?
1506 1195 1549 1258 At
1577 1194 1661 1260 sicut

353 1292 433 1358 illud
452 1294 628 1359 Schmidtio
651 1293 823 1374 probatum
846 1311 955 1359 verum
979 1299 1039 1375 est,
1062 1293 1110 1359 ita
1131 1295 1254 1360 nullum
1275 1296 1310 1359 in
1327 1296 1399 1360 ἀπο.
1423 1297 1592 1364 Laconicis
1615 1301 1661 1364 lo·

355 1417 424 1463 cum
447 1399 524 1463 mihi
548 1399 683 1480 contigit
705 1404 743 1464 ut
765 1398 964 1482 indagarem,
1001 1416 1095 1478 quem
1117 1399 1187 1464 iure
1210 1399 1251 1464 ad
1274 1399 1396 1481 scripta
1419 1403 1555 1468 moralia
1577 1408 1659 1468 tarn·

356 1521 451 1584 quam
471 1501 593 1569 fontem
615 1523 768 1570 revocare
791 1503 905 1584 possis.
952 1501 1110 1580 Quocirca
1133 1504 1212 1568 nihil
1235 1523 1293 1570 nos
1314 1506 1404 1571 iuvat
1424 1507 1514 1572 locus
1537 1507 1660 1590 aWyt·

354 1606 526 1673 tenbachio
559 1608 689 1674 adlatus
721 1607 886 1673 Plutarchi
916 1606 970 1690 (de
1001 1625 1037 1672 se
1066 1609 1126 1689 ips.
1158 1607 1229 1674 citr.
1261 1610 1321 1675 inv.
1355 1610 1439 1676 laud.
1465 1630 1497 1692 p.
1522 1617 1585 1677 544
1607 1613 1660 1694 E).

356 1711 420 1777 Ubi
443 1731 635 1794 quamquam
664 1713 699 1778 in
728 1731 823 1779 versu
851 1713 929 1778 viris
952 1712 1096 1777 canendo
1120 1711 1271 1795 αὐγάσδεο
1301 1733 1362 1780 vox
1384 1720 1475 1781 extat
1496 1716 1593 1799 idque
1617 1718 1660 1784 ad

353 1821 498 1883 nostrum
522 1823 618 1898 caput
647 1818 781 1884 multum
808 1816 917 1883 lacere
942 1817 1055 1883 credat
1085 1817 1244 1899 quispiam
1273 1822 1382 1884 tamen
1403 1819 1547 1902 ineptum
1570 1828 1658 1887 esset

352 1926 486 2002 propter
508 1922 567 1987 hoc
591 1941 687 1988 unum
708 1921 898 1988 vocabulum
921 1922 1040 1987 ceteris
1072 1921 1219 1988 omnibus
1250 1922 1348 1989 rebus
1377 1928 1510 2007 totaque
1544 1945 1657 1993 narra·

352 2025 441 2090 tione
464 2027 567 2108 qualis
588 2028 643 2093 illo
666 2029 736 2094 loco
768 2033 819 2094 est
849 2026 1112 2109 obstrepentibus
1144 2027 1269 2094 iactare
1298 2046 1357 2094 nos
1387 2027 1509 2094 fontem
1543 2031 1659 2112 capitis

351 2129 572 2198 institutorum
595 2133 712 2198 decimi
735 2133 837 2214 quinti
859 2133 1029 2198 invenisse.

440 2237 555 2318 Itaque
579 2237 644 2303 alia
665 2238 717 2302 via
740 2255 803 2319 qua
827 2237 869 2301 ad
891 2236 986 2301 huius
1009 2240 1043 2302 et
1064 2236 1205 2302 fumasse
1228 2236 1256 2302 si
1276 2236 1326 2302 dis
1347 2238 1457 2318 placet
1472 2239 1571 2304 etiam
1584 2239 1659 2305 Plu·

355 2341 480 2406 tarchei
503 2343 565 2408 loci
587 2342 708 2408 iontem
732 2342 897 2424 ducamur,
920 2340 1208 2422 circumspicienda
1231 2345 1292 2408 est.
1352 2341 1422 2420 Qua
1454 2343 1488 2407 in
1517 2361 1553 2409 rc
1584 2362 1659 2425 per·

352 2449 480 2524 gratum
503 2445 595 2511 nobis
619 2447 753 2528 accidit,
789 2452 826 2511 ut
848 2463 960 2511 versus
983 2445 1032 2509 illi
1054 2445 1156 2527 ignoti
1179 2446 1314 2512 alicuius
1335 2453 1452 2528 poetae
1474 2448 1508 2512 in
1529 2453 1580 2513 tot
1600 2449 1658 2515 ho·

354 2549 473 2614 minum
497 2568 552 2615 ore
574 2548 704 2629 fuerint,
728 2551 819 2616 utin
841 2547 1084 2630 proverbiorum
1106 2550 1313 2616 collectiones
1328 2551 1560 2631 reciperentur.
1590 2554 1658 2618 Ita·

353 2671 415 2734 que
437 2671 508 2718 cum
531 2654 747 2737 compluribus
775 2655 808 2720 in
831 2672 966 2734 corpore
988 2653 1351 2737 paroemiographorum
1373 2673 1393 2720 a
1415 2655 1657 2723 Schneidewino

353 2760 386 2822 et
407 2756 580 2822 Leutschio
604 2758 732 2824 condito
755 2758 833 2823 locis
856 2757 914 2822 hos
944 2774 1057 2822 versus
1088 2757 1140 2822 vel
1171 2745 1298 2823 initium
1328 2764 1417 2824 certe
1448 2760 1657 2840 inveniamus,

352 2881 447 2944 quam
468 2862 606 2928 maxime
628 2867 740 2928 nostra
761 2862 920 2927 interesse
943 2859 1051 2943 debet,
1073 2867 1110 2926 ut
1133 2861 1160 2926 si
1175 2859 1246 2926 fieri
1260 2868 1370 2943 potest
1386 2864 1497 2948 adagii
1511 2864 1656 2944 formam,

354 2968 482 3049 qualem
505 2966 664 3033 Zenobius
687 2967 757 3048 ipse
780 2965 930 3032 hahuerit
959 2966 1178 3031 restituamus.
1235 2965 1305 3044 Qua
1333 2967 1367 3032 in
1398 2987 1433 3033 re
1463 2986 1657 3050 magnopere

350 3072 496 3138 iuvamur
519 3071 647 3137 Ottonis
671 3071 777 3137 Crusii
799 3070 958 3136 analectis
981 3069 1103 3134 criticis
1126 3070 1160 3133 in
1182 3071 1490 3156 paroemiographos
1512 3072 1655 3138 Graecos

351 3197 434 3244 anno
456 3178 550 3243 huius
574 3177 695 3243 saeculi
712 3181 753 3241 83
770 3175 900 3256 Lipsiae
924 3173 1031 3252 editis,
1054 3174 1109 3255 qui
1131 3192 1255 3240 summa
1277 3175 1449 3260 diligentia
1471 3178 1656 3261 optimoque

350 3301 503 3348 successu
523 3283 557 3346 in
578 3280 820 3363 proverbiorum
843 3279 1067 3345 collectionum
1100 3297 1182 3360 quae
1212 3299 1251 3345 ex
1273 3280 1406 3346 Zenobii
1437 3301 1535 3364 opere
1557 3282 1655 3351 fluxe·

350 3392 442 3469 runt,
475 3384 545 3451 fata
567 3385 732 3467 inquisivit
753 3386 901 3467 viamque
934 3384 975 3449 ad
1007 3385 1179 3467 genuinum
1202 3383 1378 3451 Zenobiam
1401 3388 1657 3468 cognoscendum

350 3491 482 3557 disertis
504 3487 612 3555 verbis
635 3490 810 3572 discripsit.
855 3491 924 3554 Iam
946 3489 1046 3570 igitur
1069 3507 1141 3554 eam
1166 3489 1389 3574 ingrediamur
1412 3490 1452 3556 ab
1470 3493 1575 3559 Athos
1591 3495 1658 3559 col·

348 3595 497 3660 lectionis
519 3595 714 3673 recensione,
738 3613 832 3675 quam
856 3595 893 3659 Ε.
916 3593 1061 3658 Millerus
1086 3594 1268 3678 (Melanges
1291 3595 1332 3659 de
1354 3595 1539 3662 litterature
1561 3616 1656 3681 grec-

350 3717 421 3782 que,
444 3717 475 3780 p.
495 3703 555 3763 341
569 3699 652 3782 sqq.)
676 3717 778 3780 nuper
799 3698 919 3781 publici
941 3698 1022 3763 iuris
1044 3696 1123 3763 fecit
1144 3696 1396 3779 proficiscentes.
1441 3699 1530 3766 Haec
1547 3706 1656 3767 autem

348 3807 381 3871 in
405 3825 443 3872 eu
457 3805 608 3888 legimus:
624 3797 735 3888 Ἄμμες
758 3803 823 3866 πότ’
845 3803 939 3888 ἦμες·
962 3802 1123 3886 Λακωνική
1147 3802 1223 3866 ἐστιν
1243 3802 1318 3886 αὕτη
1335 3804 1354 3887 ἡ
1372 3803 1526 3888 παροιμία.
1564 3803 1656 3888 Μέμ-

347 3933 435 3994 νηται
459 3909 492 3974 δὲ
514 3908 607 3993 αὐτῆς
629 3908 777 3994 Σωσίβιος
800 3908 830 3971 ἐν
853 3914 896 3990 τῷ
917 3903 983 3990 περὶ
1003 3903 1119 3986 'Essa
1143 3905 1195 3969 aori
1219 3929 1319 3991 φησιν,
1342 3907 1386 3970 ὅτι
1409 3908 1436 3970 οἱ
1457 3907 1653 3994 πρεσβύτεροι

347 4015 377 4079 ἐν
400 4015 601 4099 Λακεδαίμονι
623 4014 684 4098 (sic
708 4012 800 4079 codd.
824 4009 1072 4097 νο13.πρεοβύτ.
1097 4011 1124 4074 οἱ
1146 4010 1385 4094 Λακεδαιμόνιοι
1409 4011 1455 4097 Μ)
1478 4012 1654 4098 χορεύοντες

345 4123 431 4184 τοῦτο
454 4119 610 4203 ἐπέλεγον·
626 4117 738 4202 'lippae
761 4117 826 4180 πότ’
848 4117 924 4200 ἦμες
947 4113 1043 4180 <ἀντὶ
1058 4112 1230 4199 τοῦἭμεῖς
1245 4138 1317 4178 ποτε
1333 4115 1409 4201 ἦμεν
1426 4117 1549 4184 addunt
1560 4118 1654 4186 codd.

345 4217 466 4310 volg.>.
513 4224 602 4302 Quae
626 4243 697 4289 cum
720 4221 886 4287 dimidium
918 4225 1043 4286 tantum
1064 4220 1159 4286 unius
1181 4239 1293 4286 versus
1317 4221 1507 4304 exhibeant,
1538 4223 1571 4288 in
1593 4223 1655 4290 hac

347 4347 442 4411 quam
464 4329 663 4394 instituimus
687 4327 876 4408 quaestione
898 4325 978 4391 nihil
1001 4344 1059 4391 nos
1081 4329 1217 4407 possunt
1240 4326 1366 4408 docere,
1390 4345 1582 4409 quamquam
1597 4326 1655 4392 So-

345 4432 427 4500 sibio
449 4437 535 4498 teste
558 4452 578 4498 a
599 4431 890 4516 paroemiographo
912 4431 964 4496 vel
986 4429 1027 4496 ab
1051 4448 1088 4495 eo
1120 4448 1214 4512 quem
1246 4431 1400 4512 excripsit
1431 4431 1532 4498 citato
1554 4451 1654 4514 quan·

346 4545 414 4604 tum
436 4539 598 4604 lucremur
620 4537 673 4602 vix
696 4536 759 4602 dici
782 4540 902 4618 potest.
948 4537 990 4600 nt
1009 4553 1082 4600 oum
1100 4535 1165 4600 alia
1188 4534 1306 4600 auxilia
1329 4535 1469 4617 petenda
1492 4535 1566 4617 sint,
1591 4555 1654 4621 age

346 4644 528 4710 evolvamus
559 4642 802 4725 proverbiorum
832 4640 1052 4707 collectionem
1082 4640 1435 4722 Pseudodiogenianam
1468 4646 1565 4723 atque
1599 4641 1654 4723 qui

345 4749 406 4814 hac
429 4765 506 4813 usus
530 4753 580 4814 est
602 4748 761 4830 Apostolii
784 4747 838 4830 (cf.
863 4746 995 4813 Orusius
1017 4746 1038 4810 l.
1062 4764 1090 4811 c.
1113 4763 1144 4826 p.
1165 4751 1207 4810 40
1231 4745 1305 4828 sq).
1350 4745 1411 4824 Qui
1434 4764 1516 4827 quae
1532 4744 1657 4813 habent

350 4857 421 4920 tota
443 4851 617 4920 subiciam:
