3814 5370
872 1533 900 1608 Ι.

441 1713 492 1781 lia
516 1711 709 1780 ‘institntls
729 1711 929 1780 Laconlols’
950 1707 1325 1796 Pseudoplutarohols.

324 1879 403 1944 Oum
427 1896 466 1943 ex
488 1876 670 1959 sententiis,
694 1894 775 1957 ques
797 1876 858 1940 viri
893 1874 981 1941 docti
1003 1873 1108 1942 adhuc
1132 1873 1172 1938 de
1194 1872 1416 1939 institutorum
1438 1873 1540 1940 Laco·

236 1983 381 2064 nieorum
409 1981 518 2047 libello
548 1982 634 2046 inter
665 1980 831 2046 Plutarchi
859 1997 957 2060 opera
986 1978 1109 2044 tradito
1140 1978 1301 2060 tulerunt,
1335 1996 1429 2044 nemo
1460 1978 1542 2044 certi

237 2085 412 2166 quidquam
433 2086 536 2166 possit
560 2084 760 2166 concludere,
784 2084 902 2165 quippe
924 2101 1007 2163 quae
1029 2083 1147 2146 mirum
1170 2088 1325 2162 quantum
1348 2081 1411 2146 sibi
1425 2082 1540 2148 adver-

238 2195 367 2267 sentur,
402 2208 533 2270 prorsus
563 2188 777 2254 instauranda
807 2187 887 2252 mihi
919 2186 1067 2268 quaestio
1092 2186 1133 2251 de
1155 2186 1249 2251 huius
1272 2185 1374 2251 libelli
1396 2185 1541 2254 fontibus

239 2298 273 2358 et
295 2295 489 2360 auctoritate
512 2294 580 2360 visa
602 2298 662 2360 est.
708 2293 753 2358 Ut
777 2293 862 2358 euim
885 2291 940 2358 alii
962 2292 1045 2356 hunc
1068 2289 1186 2355 librum
1209 2291 1301 2371 quasi
1319 2290 1440 2357 fontem
1457 2291 1541 2358 eius·

238 2397 312 2472 dem
335 2415 406 2463 cum
427 2397 650 2478 Xenophontis
679 2416 715 2462 re
747 2395 877 2478 publica
899 2394 1229 2461 Lacedaemoniorum
1260 2400 1357 2462 notae
1388 2396 1439 2460 vel
1470 2415 1542 2461 cum

236 2502 401 2568 Plutarchi
423 2502 490 2568 vita
513 2501 654 2586 Lycurgi
676 2499 718 2566 ad
740 2519 794 2566 res
816 2501 1010 2582 Laconicas,
1047 2500 1159 2580 quales
1190 2500 1366 2565 reconditis
1389 2499 1454 2566 illis
1477 2499 1539 2583 Ly-

236 2607 330 2691 curgi
353 2606 407 2687 qui
429 2606 548 2672 dicitur
580 2605 803 2692 legumlatoris
834 2603 1034 2686 temporibus
1065 2603 1186 2670 fuerint
1208 2604 1452 2690 investigandas
1475 2605 1540 2670 exi·

238 2711 366 2777 stimari
388 2711 574 2793 voluerunt,
605 2711 652 2775 ita
675 2709 806 2776 fuerunt
828 2709 901 2792 alii,
925 2710 978 2790 qui
1002 2728 1075 2774 eum
1098 2713 1202 2774 totum
1225 2728 1243 2774 e
1266 2709 1441 2775 Plutarcho
1463 2729 1541 2792 pen·

236 2815 315 2881 dere
338 2814 389 2881 vel
411 2815 492 2881 adeo
516 2835 535 2880 a
557 2814 731 2880 Plutarcho
761 2815 830 2895 ipso
861 2819 1027 2894 tamquam
1049 2832 1168 2893 penum
1189 2812 1357 2879 doctrinae
1379 2816 1542 2897 conscrip-

236 2925 305 2986 tum
328 2938 400 2985 esse
423 2917 630 2985 affirmarent.
677 2918 760 2996 Quin
783 2918 882 2983 etiam
904 2917 1087 2999 nuperrime
1110 2917 1296 2997 extiterunt,
1333 2917 1386 3000 qui
1410 2937 1481 2984 cum
1503 2920 1541 2983 li-

236 3020 330 3089 brum
351 3023 442 3091 illum
463 3024 644 3106 posteriore
668 3024 803 3088 alterius
826 3043 855 3088 a.
872 3023 946 3089 Chr.
970 3042 1001 3086 n.
1025 3022 1148 3088 saeculi
1169 3027 1264 3103 parte
1287 3021 1328 3087 ab
1341 3024 1542 3090 Aristocrate

239 3145 343 3193 rerum
366 3128 598 3195 Laconicarum
621 3128 779 3209 scriptore
803 3146 875 3193 esse
898 3126 1078 3193 confectum
1100 3126 1151 3191 vel
1183 3145 1223 3192 ex
1254 3127 1322 3192 eius
1345 3127 1428 3194 libro
1452 3127 1542 3194 brevi

238 3237 312 3314 post
334 3238 519 3314 excerptum
541 3231 604 3299 sibi
625 3233 874 3315 persuasissent,
898 3233 931 3297 id
946 3232 1020 3297 aliis
1038 3249 1163 3312 quoque
1177 3231 1377 3313 persuadere
1396 3251 1431 3299 se
1446 3251 1542 3314 posse

238 3338 303 3403 sint
324 3337 485 3404 arbitrati.
530 3337 571 3401 Ei
593 3337 802 3404 fundamento
826 3356 888 3420 quo
911 3337 973 3401 uisi
996 3337 1192 3402 senteutiam
1215 3335 1462 3420 profiterentur,
1492 3337 1543 3402 usi

238 3447 313 3508 sunt
344 3441 494 3509 extremis
525 3441 627 3507 libelli
657 3441 765 3507 verbis
797 3442 838 3526 (οἱ
860 3440 1105 3524 Λακεδαιμόνιοι)
1136 3440 1178 3512 εἰς
1199 3439 1333 3512 δουλείαν
1359 3441 1540 3526 μετέστησαν

236 3543 287 3610 καὶ
308 3551 357 3611 νῦν
381 3543 612 3631 ὑπὸῬωμαίοις
635 3547 773 3630 καθάπερ
796 3547 824 3610 ol
847 3543 933 3609 ἄλλοι
948 3538 1098 3630 Ἕλληνες
1121 3545 1265 3629 ἐγένοντο,
1289 3566 1371 3629 quae
1386 3553 1540 3628 quantum

237 3652 280 3718 ad
302 3657 429 3733 tempus
453 3652 521 3719 eius
544 3651 759 3718 definiendum
774 3653 914 3734 valeant,
937 3651 970 3715 in
983 3649 1046 3716 fine
1068 3650 1162 3716 huius
1186 3650 1419 3733 disquisitionis
1442 3653 1543 3718 mani-

236 3754 355 3823 festum
377 3756 447 3823 fore
470 3776 575 3838 spero.
620 3755 749 3823 Nosne
773 3757 806 3821 iu
829 3756 900 3822 avia
923 3761 1046 3821 temere
1068 3755 1288 3838 incurramus,
1311 3756 1543 3838 pedetemptim

236 3861 502 3946 progrediamur,
537 3862 665 3948 singula
688 3863 834 3944 opusculi
864 3862 971 3943 capita
1001 3861 1085 3926 unde
1117 3859 1266 3926 fluxerint
1296 3860 1542 3943 perlustrantes.

235 3964 306 4043 Qua
335 3964 518 4046 inquirendi
546 3967 673 4033 retione
704 3973 904 4049 quantopere
932 3967 994 4032 hac
1023 3966 1224 4046 potissimum
1254 3966 1288 4030 in
1318 3985 1354 4030 ro
1385 3984 1466 4047 opus
1488 3968 1542 4048 sit,

235 4069 357 4154 optime
380 4070 493 4151 opinor
513 4072 588 4138 inde
611 4072 773 4155 clarescit,
797 4071 882 4154 quod
904 4071 956 4136 hic
979 4070 1063 4137 liber
1086 4090 1158 4136 cum
1179 4072 1210 4135 in
1235 4070 1400 4137 codicibus
1422 4073 1543 4139 nostris

234 4175 331 4242 titulo
354 4177 482 4257 careat,
505 4193 567 4240 uno
590 4180 703 4242 tenore
726 4194 796 4241 cum
820 4174 1102 4256 apophthegmatis
1125 4174 1292 4240 Laconicis
1323 4179 1356 4239 et
1378 4174 1543 4242 Lacaena·

234 4298 305 4347 rum
328 4279 467 4364 legitur,
501 4297 583 4360 quae
606 4299 668 4346 non
692 4299 731 4346 ex
751 4279 845 4346 urrius
869 4279 1037 4360 scriptoris
1060 4297 1159 4360 opere
1183 4276 1321 4344 conflata
1352 4297 1425 4344 esse
1447 4279 1543 4345 hodie

234 4402 328 4451 nemo
350 4389 483 4466 praeter
493 4385 683 4451 Boehmium
694 4386 718 4470 ¹)
742 4383 964 4471 (quaestiones
981 4383 1161 4450 Laconicae
1183 4383 1262 4450 diss.
1285 4384 1393 4470 inaug.
1409 4383 1543 4450 Vratisl.

308 4571 336 4640 l)
355 4570 389 4627 G.
406 4570 565 4639 Fluegelius
584 4570 656 4640 (‘Die
676 4570 789 4640 Quellen
814 4572 842 4626 in
862 4572 1009 4628 Plutarchs
1035 4571 1186 4643 Lycurgos’
1209 4571 1274 4626 dias.
1293 4571 1384 4625 Marb.
1405 4570 1485 4637 1870)
1504 4575 1545 4624 to·

233 4665 292 4714 tum
311 4675 411 4728 corpus
431 4659 694 4728 apophthegmatum
713 4668 741 4715 et
760 4661 951 4716 institutorum
964 4661 1164 4717 Laconicorum
1182 4677 1216 4716 ex
1227 4660 1419 4726 Aristocretis,
1439 4659 1472 4714 de
1492 4675 1545 4728 quo

237 4749 329 4804 omnia
353 4748 411 4804 lere
436 4750 608 4817 ignoramus,
636 4763 720 4817 opere
745 4751 789 4804 cui
817 4751 915 4806 titulus
934 4749 1073 4806 Λακωνικά
1091 4749 1145 4805 fuit
1164 4749 1212 4821 (cf.
1230 4751 1329 4804 Athen.
1348 4749 1389 4802 111
1409 4765 1435 4816 p.
1455 4748 1490 4802 82
1507 4747 1544 4817 Ε)

234 4845 394 4907 excerptum
412 4853 475 4894 esse
496 4836 652 4894 affirmavit.
689 4838 836 4895 Boobmius
855 4855 920 4895 vero
940 4840 974 4895 de
993 4840 1234 4908 apophthegmatis
1253 4837 1361 4906 quidem
1384 4837 1461 4892 illum
1474 4844 1549 4892 recte

287 4943 365 4988 Weber
377 4946 460 4997 quaest
473 4943 525 4989 une.
749 4949 752 4964 ¹
1242 4935 1257 4992 l
