3814 5370
890 419 929 478 59

349 611 358 649 ι
381 587 507 654 addidit
529 585 699 652 Meursius.

350 698 400 758 30.
442 689 660 776 Ἐργάτ<ε>
673 712 730 753 ια·
753 689 840 775 ἑορτὴ
861 687 1010 775 Ἠρακλεῖ
1031 692 1192 779 τελουμένη
1216 690 1298 778 παρὰ
1321 692 1474 759 Λάκωσιν.

347 797 459 863 aadd.
482 796 642 861 Meineke.
688 793 727 860 cf.
751 795 903 860 Welcker
925 796 946 860 l.
968 815 994 861 o.
1017 815 1048 878 p.
1073 802 1145 862 784.
1204 797 1325 874 Quarto
1358 799 1478 864 mensis
1512 799 1563 864 die

264 905 338 968 acta
361 921 433 967 esse
454 899 623 983 probabile
647 906 706 978 est,
731 901 880 980 quoniam
901 901 930 965 is
953 901 1086 967 Herculi
1108 919 1201 969 sacer
1223 902 1293 968 suit.
1329 902 1562 969 cl.Philochor.

264 1007 303 1072 fr.
331 1013 390 1072 177
416 1004 664 1090 (PHG1413).

354 1117 404 1177 31.
443 1106 661 1196 Ἔφιππος·
686 1110 767 1192 ἀγὼν
792 1109 987 1194 γυμναστικὸς
1009 1109 1089 1196 παρὰ
1112 1110 1267 1176 Λάκωσιν.

351 1216 484 1282 Rectius
506 1216 646 1281 fortasse
668 1215 838 1297 scripseris
862 1215 999 1300 ἐφίππιος
1023 1218 1093 1282 coll.
1117 1217 1199 1283 Plat.
1223 1217 1287 1303 leg.
1310 1217 1387 1282 Vlll
1402 1236 1432 1298 p.
1450 1222 1512 1282 833
1526 1217 1562 1280 B.

271 1321 424 1386 Ceterum
445 1340 507 1403 quo
529 1320 644 1386 tendat
665 1320 746 1385 haec
769 1321 879 1405 glossa
901 1321 1062 1387 invenisse
1084 1322 1163 1391 mihi
1196 1323 1307 1388 videor
1329 1323 1362 1387 in
1385 1321 1563 1404 Polycratis

268 1424 484 1508 descriptione
506 1424 772 1507 Hyacinthiorum
802 1425 886 1507 apud
907 1427 1107 1493 Athenaeum
1131 1427 1189 1510 (IV
1211 1447 1242 1510 p.
1269 1433 1328 1492 139
1346 1427 1403 1508 F.):
1426 1423 1565 1488 -ἅλλοι

269 1532 296 1593 δ’
320 1532 369 1616 ἐρ’
391 1527 486 1594 ἵππων
509 1529 733 1615 κεκοσμημένοι
748 1528 780 1592 τὸ
805 1530 929 1615 θέατρον
954 1530 1161 1616 διεξέρχονται.

355 1641 404 1702 32.
446 1631 709 1699 Ἠλακοίτεια’
744 1635 825 1718 ἀγὼν
849 1637 879 1698 ἐν
902 1635 1109 1722 Λακεδαίμονι
1139 1634 1197 1701 ἀπὸ
1217 1633 1436 1719 Ἠλακάτοοῑ),
1473 1635 1505 1706 ὃς
1527 1635 1563 1719 ἦν

265 1741 413 1826 ἐρώμενος
431 1737 622 1825 Ἡρακλέους
645 1742 686 1811 ὥς
710 1764 799 1825 φησιν
822 1740 980 1827 Σωσίβιος.

353 1847 480 1912 Codicis
502 1845 620 1912 menda
642 1845 805 1926 adponere
827 1846 906 1911 nihil
930 1847 1065 1926 attinet3
1089 1845 1218 1912 sublata
1240 1852 1314 1912 sunt
1337 1867 1357 1912 a
1379 1847 1509 1912 Musuro
1533 1850 1566 1909 et

266 1951 456 2018 Schmidtio.

352 2063 404 2122 33.
444 2052 664 2141 Ἥροίσιος·
688 2055 744 2140 μὴν
767 2053 848 2141 παρὰ
871 2054 1025 2120 Λάκωσιν.

353 2166 404 2226 34.
450 2160 768 2246 Θεραπνατίδια·
793 2159 880 2246 ἑορτὴ
904 2158 984 2246 παρὰ
1008 2159 1145 2225 Λάκωσι.

353 2265 435 2331 Sunt
456 2265 557 2332 leriae
580 2266 772 2351 Θεραπνατᾶν
796 2267 847 2332 vel
868 2271 910 2328 τῶ
935 2265 1120 2351 Θεραπνάτα.
1177 2265 1294 2331 Utrum
1325 2283 1401 2330 vero
1432 2264 1473 2330 ad
1496 2263 1564 2327 Me-

267 2373 396 2437 nelaum
411 2371 630 2453 Helenamque
653 2371 805 2438 colendos
827 2391 870 2437 en
893 2371 935 2437 ad
958 2373 1127 2438 Castorem
1149 2377 1182 2437 et
1202 2370 1364 2436 Pollucem
1386 2369 1452 2435 sint
1472 2367 1564 2432 insti·

265 2481 367 2560 tutae,
391 2477 531 2544 discerni
553 2478 674 2559 nequit.
719 2473 804 2544 Illud
836 2477 953 2544 suadet
974 2479 1136 2544 Isocrates
1167 2477 1253 2560 (Hel.
1278 2477 1350 2558 63),
1383 2474 1444 2539 hoc
1474 2472 1565 2538 scho-

266 2582 383 2649 liastae
405 2582 540 2648 Pindari
573 2581 678 2669 (Nem.
703 2583 733 2647 X
758 2587 829 2648 105.
865 2583 977 2648 Isthm.
1001 2582 1093 2664 143)
1129 2588 1162 2648 et
1185 2581 1367 2663 Stephanus
1389 2579 1464 2660 Byr.
1488 2595 1513 2642 s.
1536 2595 1565 2641 ν.

268 2684 428 2770 Θεράπων.
474 2685 514 2752 cf.
538 2687 638 2752 Alcm.
661 2685 701 2753 fr.
726 2692 746 2751 4
767 2686 901 2772 Bergk⁴.

356 2797 406 2857 35.
452 2790 748 2863 Θεσσαλιώτας·
770 2791 928 2875 ἐναγισμός
950 2816 992 2863 τις
1014 2789 1095 2877 παρὰ
1117 2790 1255 2856 Λάκωσι.

355 2896 425 2962 cod.
449 2896 644 2967 Θεοσαλῶπις
666 2895 843 2980 ἐναγιασμίς
867 2915 927 2963 em.
950 2897 1108 2963 Meineke.

357 3007 407 3068 36.
452 3001 639 3086 Θηρίτας·
663 3003 678 3064 ὁ
697 2998 856 3074 Ἐνυάλιος
878 3000 959 3087 παρὰ
981 3000 1134 3067 Λάκωσιν.

354 3107 532 3173 Pausanias
561 3107 697 3191 (1Π19,
721 3107 755 3190 8)
788 3108 889 3173 Marti
919 3127 1095 3194 cognomen
1128 3107 1228 3174 luisse
1262 3102 1407 3190 Θηρειτάν
1443 3109 1565 3185 narrat,

269 3212 345 3294 quie
366 3212 472 3277 Thero
495 3230 568 3277 eum
589 3213 762 3278 nutrivisse
785 3213 910 3279 credita
933 3218 1030 3280 esset.

355 3322 406 3382 37.
452 3316 623 3388 Θόαξος·
647 3314 803 3383 Ἀπόλλων.

354 3421 465 3489 Verba
485 3429 538 3506 τῆς
560 3422 741 3508 Λακωνικῆς
765 3443 847 3507 quae
870 3425 1014 3509 glossam
1045 3425 1222 3507 proximam
1251 3421 1402 3500 foedant,
1439 3418 1566 3486 ratione

268 3527 377 3594 nescio
401 3546 464 3609 qua
487 3528 529 3593 ad
551 3528 634 3594 hanc
656 3530 829 3610 pertinent.
876 3529 916 3594 cf.
942 3529 1096 3595 Schmidt.
1122 3528 1164 3594 ad
1185 3548 1213 3593 v.

356 3637 408 3698 38.
454 3631 651 3718 Θοράτης·
670 3629 831 3697 Ἀπόλλων
854 3630 934 3718 παρὰ
957 3631 1095 3698 Λάκωσι.

356 3735 558 3820 Lycophroni
580 3738 642 3820 (Al.
669 3740 745 3823 352)
768 3739 890 3825 θυραῖος
913 3739 1013 3804 audit.

358 3845 408 3907 39.
456 3839 613 3927 Θόρναξ·
638 3841 808 3925 ὑποπόδιον,
832 3848 852 3928 ἢ
878 3841 1158 3930 ἱερὸνἌπόλλωνος
1173 3844 1202 3907 ἐν
1217 3847 1253 3928 τῇ
1268 3842 1442 3925 Λακωνικῇ,
1467 3838 1526 3902 ἀπό
1537 3861 1569 3900 τε

269 3943 419 4031 Θόρνακος
442 3937 655 4032 Θορνοίκκο>ς
673 3945 845 4014 Ἀπόλλων

357 4051 523 4118 Thomace
553 4055 759 4120 simulacrum
789 4056 947 4138 Apollinis
976 4055 1076 4122 luisse
1106 4059 1219 4120 narrat
1240 4052 1425 4118 Herodotus
1449 4053 1477 4134 (l
1501 4052 1567 4135 69),

271 4173 406 4237 quocum
427 4158 620 4224 Pausaniam
643 4160 705 4242 (III
729 4167 778 4240 10,
804 4161 857 4244 10)
881 4161 1038 4227 conferas.
1084 4161 1227 4225 Mentem
1248 4159 1349 4224 luisse
1372 4177 1445 4223 eum
1464 4157 1565 4223 Laco·

270 4260 362 4326 nicae
377 4260 558 4343 Stephanus
574 4280 600 4328 s.
610 4283 639 4328 v.
657 4263 771 4350 Θόρνας
785 4265 889 4348 docet,
913 4266 967 4347 qui
988 4284 1104 4331 nomen
1126 4264 1327 4350 gentilicium
1348 4261 1458 4328 habet.
1495 4261 1566 4326 Huc

270 4385 333 4432 non
355 4365 479 4433 iaciunt
501 4367 596 4434 Paus.
619 4369 725 4453 1136,
751 4375 789 4449 1;
814 4368 912 4436 schol.
936 4370 970 4434 in
993 4371 1125 4435 Theocr.
1147 4369 1208 4434 XV
1231 4374 1282 4434 64.

357 4477 410 4537 40.
456 4471 709 4558 Θυρεατικοί·
740 4473 881 4561 στέφανοί
901 4499 975 4546 τινες
998 4472 1079 4560 παρὰ
1101 4473 1360 4558 Λακεδαιμονίοις.

356 4577 454 4644 Plura
476 4577 563 4660 apud
584 4580 786 4647 Athenaeum
808 4581 867 4648 XV
890 4586 953 4646 678
976 4583 1012 4646 Β.
1058 4579 1097 4646 οί.
1120 4600 1151 4662 p.
1176 4581 1285 4658 51l52.

345 4805 371 4874 1)
389 4805 474 4862 Deest
482 4805 615 4862 Elocutus
634 4809 662 4862 in
682 4808 815 4876 catalogis
832 4825 979 4877 puerorum
990 4808 1104 4863 Herculi
1116 4807 1286 4876 dilectorum,
1307 4807 1340 4862 de
1360 4807 1458 4876 quibus
1477 4804 1569 4860 videas

272 4893 513 4950 Wilamowitcium
531 4897 560 4950 in
580 4914 647 4952 com.
667 4916 752 4968 gram.
771 4899 797 4952 II
814 4916 841 4968 p.
862 4902 902 4952 15.
