<?xml version="1.0" encoding="UTF-8"?>
<!DOCTYPE html PUBLIC "-//W3C//DTD XHTML 1.0 Transitional//EN"
    "http://www.w3.org/TR/xhtml1/DTD/xhtml1-transitional.dtd">
<html xmlns="http://www.w3.org/1999/xhtml" xml:lang="en" lang="en">
 <head>
  <title>
</title>
<meta http-equiv="Content-Type" content="text/html;charset=utf-8" />
  <meta name='ocr-system' content='tesseract 3.04.00' />
  <meta name='ocr-capabilities' content='ocr_page ocr_carea ocr_par ocr_line ocrx_word'/>
</head>
<body>
  <div class='ocr_page' id='page_1' title='image "./quaestionumlaco00webegoog_0076.png"; bbox 0 0 3814 5370; ppageno 0'>
   <div class='ocr_carea' id='block_1_1' title="bbox 796 1053 919 1128">
    <p class='ocr_par' dir='ltr' id='par_1_1' title="bbox 796 1053 919 1128">
     <span class='ocr_line' id='line_1_1' title="bbox 796 1053 919 1128; baseline -0.008 0"><span class='ocrx_word' id='word_1_1' title='bbox 796 1053 919 1128; x_wconf 91' lang='lat' dir='ltr'>Vita.</span> 
     </span>
    </p>
   </div>
   <div class='ocr_carea' id='block_1_2' title="bbox 209 1241 1515 3718">
    <p class='ocr_par' dir='ltr' id='par_1_2' title="bbox 209 1241 1515 3518">
     <span class='ocr_line' id='line_1_2' title="bbox 299 1241 1514 1326; baseline 0.001 -18"><span class='ocrx_word' id='word_1_2' title='bbox 299 1245 407 1308; x_wconf 89' lang='lat' dir='ltr'>Iustus</span> <span class='ocrx_word' id='word_1_3' title='bbox 430 1242 589 1307; x_wconf 90' lang='lat' dir='ltr'>Henricus</span> <span class='ocrx_word' id='word_1_4' title='bbox 613 1241 793 1308; x_wconf 87' lang='lat' dir='ltr'>Ludoricus</span> <span class='ocrx_word' id='word_1_5' title='bbox 816 1241 935 1307; x_wconf 84' lang='lat' dir='ltr'><strong>Weber</strong></span> <span class='ocrx_word' id='word_1_6' title='bbox 966 1246 1062 1307; x_wconf 90' lang='lat' dir='ltr'>natus</span> <span class='ocrx_word' id='word_1_7' title='bbox 1092 1259 1161 1307; x_wconf 90' lang='lat' dir='ltr'>sum</span> <span class='ocrx_word' id='word_1_8' title='bbox 1184 1242 1297 1307; x_wconf 87' lang='lat' dir='ltr'>lavore</span> <span class='ocrx_word' id='word_1_9' title='bbox 1330 1244 1362 1306; x_wconf 94' lang='lat' dir='ltr'>in</span> <span class='ocrx_word' id='word_1_10' title='bbox 1396 1244 1514 1326; x_wconf 92' lang='lat' dir='ltr'>oppido</span> 
     </span>
     <span class='ocr_line' id='line_1_3' title="bbox 212 1346 1515 1429; baseline 0.001 -16"><span class='ocrx_word' id='word_1_11' title='bbox 212 1348 350 1414; x_wconf 90' lang='lat' dir='ltr'>Silesiae</span> <span class='ocrx_word' id='word_1_12' title='bbox 374 1348 426 1412; x_wconf 90' lang='lat' dir='ltr'>die</span> <span class='ocrx_word' id='word_1_13' title='bbox 442 1346 510 1412; x_wconf 87' lang='lat' dir='ltr'>XV.</span> <span class='ocrx_word' id='word_1_14' title='bbox 534 1365 633 1412; x_wconf 89' lang='lat' dir='ltr'>mens.</span> <span class='ocrx_word' id='word_1_15' title='bbox 651 1347 718 1415; x_wconf 88' lang='lat' dir='ltr'>Ian.</span> <span class='ocrx_word' id='word_1_16' title='bbox 742 1367 771 1411; x_wconf 89' lang='lat' dir='ltr'>a.</span> <span class='ocrx_word' id='word_1_17' title='bbox 798 1351 880 1411; x_wconf 86' lang='grc'>1864</span> <span class='ocrx_word' id='word_1_18' title='bbox 902 1352 996 1429; x_wconf 88' lang='lat' dir='ltr'>patre</span> <span class='ocrx_word' id='word_1_19' title='bbox 1011 1347 1154 1412; x_wconf 85' lang='lat' dir='ltr'>Gustare</span> <span class='ocrx_word' id='word_1_20' title='bbox 1176 1352 1280 1412; x_wconf 91' lang='lat' dir='ltr'>matre</span> <span class='ocrx_word' id='word_1_21' title='bbox 1303 1347 1474 1415; x_wconf 82' lang='lat' dir='ltr'>Elisabeth</span> <span class='ocrx_word' id='word_1_22' title='bbox 1498 1369 1515 1414; x_wconf 93' lang='lat' dir='ltr'>e</span> 
     </span>
     <span class='ocr_line' id='line_1_4' title="bbox 209 1449 1514 1537; baseline 0.003 -20"><span class='ocrx_word' id='word_1_23' title='bbox 209 1457 310 1537; x_wconf 86' lang='lat' dir='ltr'>gente</span> <span class='ocrx_word' id='word_1_24' title='bbox 332 1451 463 1534; x_wconf 90' lang='lat' dir='ltr'>Stuppe.</span> <span class='ocrx_word' id='word_1_25' title='bbox 501 1451 612 1516; x_wconf 82' lang='lat' dir='ltr'>Fidem</span> <span class='ocrx_word' id='word_1_26' title='bbox 624 1449 778 1532; x_wconf 91' lang='lat' dir='ltr'>profiteor</span> <span class='ocrx_word' id='word_1_27' title='bbox 794 1451 1022 1534; x_wconf 85' lang='lat' dir='ltr'>evangelicam.</span> <span class='ocrx_word' id='word_1_28' title='bbox 1056 1451 1253 1516; x_wconf 81' lang='lat' dir='ltr'>Litterarum</span> <span class='ocrx_word' id='word_1_29' title='bbox 1267 1452 1433 1520; x_wconf 91' lang='lat' dir='ltr'>elementis</span> <span class='ocrx_word' id='word_1_30' title='bbox 1455 1455 1514 1520; x_wconf 91' lang='lat' dir='ltr'>im·</span> 
     </span>
     <span class='ocr_line' id='line_1_5' title="bbox 210 1555 1515 1638; baseline 0.001 -15"><span class='ocrx_word' id='word_1_31' title='bbox 210 1556 310 1623; x_wconf 91' lang='lat' dir='ltr'>butus</span> <span class='ocrx_word' id='word_1_32' title='bbox 333 1557 365 1621; x_wconf 92' lang='lat' dir='ltr'>in</span> <span class='ocrx_word' id='word_1_33' title='bbox 387 1555 614 1638; x_wconf 84' lang='lat' dir='ltr'>progymnasio</span> <span class='ocrx_word' id='word_1_34' title='bbox 631 1555 807 1620; x_wconf 87' lang='lat' dir='ltr'>Iavoriensi</span> <span class='ocrx_word' id='word_1_35' title='bbox 829 1556 945 1621; x_wconf 87' lang='lat' dir='ltr'>transii</span> <span class='ocrx_word' id='word_1_36' title='bbox 967 1555 1000 1619; x_wconf 92' lang='lat' dir='ltr'>in</span> <span class='ocrx_word' id='word_1_37' title='bbox 1023 1557 1231 1637; x_wconf 85' lang='lat' dir='ltr'>gymnasium,</span> <span class='ocrx_word' id='word_1_38' title='bbox 1256 1557 1339 1637; x_wconf 88' lang='lat' dir='ltr'>quod</span> <span class='ocrx_word' id='word_1_39' title='bbox 1364 1578 1436 1623; x_wconf 90' lang='lat' dir='ltr'>curn</span> <span class='ocrx_word' id='word_1_40' title='bbox 1458 1559 1515 1625; x_wconf 92' lang='lat' dir='ltr'>illo</span> 
     </span>
     <span class='ocr_line' id='line_1_6' title="bbox 211 1659 1512 1742; baseline 0 -15"><span class='ocrx_word' id='word_1_41' title='bbox 211 1662 416 1727; x_wconf 88' lang='lat' dir='ltr'>coniunctum</span> <span class='ocrx_word' id='word_1_42' title='bbox 450 1679 468 1726; x_wconf 89' lang='lat' dir='ltr'>e</span> <span class='ocrx_word' id='word_1_43' title='bbox 498 1679 560 1741; x_wconf 90' lang='lat' dir='ltr'>quo</span> <span class='ocrx_word' id='word_1_44' title='bbox 595 1659 757 1725; x_wconf 87' lang='lat' dir='ltr'>conditum</span> <span class='ocrx_word' id='word_1_45' title='bbox 787 1665 838 1724; x_wconf 89' lang='lat' dir='ltr'>est</span> <span class='ocrx_word' id='word_1_46' title='bbox 869 1660 1020 1742; x_wconf 83' lang='lat' dir='ltr'>auspiciis</span> <span class='ocrx_word' id='word_1_47' title='bbox 1053 1659 1147 1725; x_wconf 89' lang='lat' dir='ltr'>floret</span> <span class='ocrx_word' id='word_1_48' title='bbox 1169 1661 1300 1725; x_wconf 88' lang='lat' dir='ltr'>Ricardi</span> <span class='ocrx_word' id='word_1_49' title='bbox 1322 1661 1512 1729; x_wconf 87' lang='lat' dir='ltr'>Volkmann.</span> 
     </span>
     <span class='ocr_line' id='line_1_7' title="bbox 210 1764 1513 1847; baseline 0.003 -18"><span class='ocrx_word' id='word_1_50' title='bbox 210 1765 270 1830; x_wconf 91' lang='lat' dir='ltr'>Pio</span> <span class='ocrx_word' id='word_1_51' title='bbox 294 1783 421 1845; x_wconf 79' lang='lat' dir='ltr'><strong>semper</strong></span> <span class='ocrx_word' id='word_1_52' title='bbox 443 1766 548 1830; x_wconf 89' lang='lat' dir='ltr'>animo</span> <span class='ocrx_word' id='word_1_53' title='bbox 570 1765 711 1829; x_wconf 87' lang='lat' dir='ltr'><strong>recolam</strong></span> <span class='ocrx_word' id='word_1_54' title='bbox 733 1768 962 1846; x_wconf 86' lang='lat' dir='ltr'>praeceptores</span> <span class='ocrx_word' id='word_1_55' title='bbox 985 1783 1074 1830; x_wconf 91' lang='lat' dir='ltr'>meos</span> <span class='ocrx_word' id='word_1_56' title='bbox 1096 1765 1252 1845; x_wconf 86' lang='lat' dir='ltr'>imprimis</span> <span class='ocrx_word' id='word_1_57' title='bbox 1270 1764 1513 1847; x_wconf 87' lang='lat' dir='ltr'>Volkmannum‚</span> 
     </span>
     <span class='ocr_line' id='line_1_8' title="bbox 212 1867 1513 1950; baseline 0.005 -18"><span class='ocrx_word' id='word_1_58' title='bbox 212 1869 268 1950; x_wconf 92' lang='lat' dir='ltr'>qui</span> <span class='ocrx_word' id='word_1_59' title='bbox 290 1869 474 1934; x_wconf 88' lang='lat' dir='ltr'>litterarum</span> <span class='ocrx_word' id='word_1_60' title='bbox 497 1870 704 1949; x_wconf 87' lang='lat' dir='ltr'>antiquaram</span> <span class='ocrx_word' id='word_1_61' title='bbox 727 1887 869 1933; x_wconf 89' lang='lat' dir='ltr'>amorem</span> <span class='ocrx_word' id='word_1_62' title='bbox 890 1876 927 1933; x_wconf 90' lang='lat' dir='ltr'>ut</span> <span class='ocrx_word' id='word_1_63' title='bbox 950 1869 1056 1934; x_wconf 89' lang='lat' dir='ltr'>animo</span> <span class='ocrx_word' id='word_1_64' title='bbox 1077 1867 1213 1932; x_wconf 84' lang='lat' dir='ltr'>iniceret</span> <span class='ocrx_word' id='word_1_65' title='bbox 1236 1874 1269 1933; x_wconf 87' lang='lat' dir='ltr'>et</span> <span class='ocrx_word' id='word_1_66' title='bbox 1291 1869 1415 1937; x_wconf 83' lang='lat' dir='ltr'>foveret</span> <span class='ocrx_word' id='word_1_67' title='bbox 1429 1891 1513 1937; x_wconf 90' lang='lat' dir='ltr'>sem·</span> 
     </span>
     <span class='ocr_line' id='line_1_9' title="bbox 211 1970 1513 2056; baseline 0.002 -17"><span class='ocrx_word' id='word_1_68' title='bbox 211 1993 271 2056; x_wconf 89' lang='lat' dir='ltr'>per</span> <span class='ocrx_word' id='word_1_69' title='bbox 293 1970 456 2039; x_wconf 83' lang='lat' dir='ltr'>studebat.</span> <span class='ocrx_word' id='word_1_70' title='bbox 515 1973 717 2038; x_wconf 89' lang='lat' dir='ltr'>Maturitatis</span> <span class='ocrx_word' id='word_1_71' title='bbox 742 1973 925 2038; x_wconf 87' lang='lat' dir='ltr'>testimonio</span> <span class='ocrx_word' id='word_1_72' title='bbox 947 1973 1123 2038; x_wconf 87' lang='lat' dir='ltr'>instructus</span> <span class='ocrx_word' id='word_1_73' title='bbox 1145 1991 1221 2037; x_wconf 89' lang='lat' dir='ltr'>vere</span> <span class='ocrx_word' id='word_1_74' title='bbox 1248 1979 1327 2038; x_wconf 83' lang='lat'>1881</span> <span class='ocrx_word' id='word_1_75' title='bbox 1353 1976 1513 2042; x_wconf 87' lang='lat' dir='ltr'>Vratisla-</span> 
     </span>
     <span class='ocr_line' id='line_1_10' title="bbox 210 2075 1513 2162; baseline 0.004 -20"><span class='ocrx_word' id='word_1_76' title='bbox 210 2079 298 2142; x_wconf 86' lang='lat' dir='ltr'>riam</span> <span class='ocrx_word' id='word_1_77' title='bbox 319 2095 370 2140; x_wconf 91' lang='lat' dir='ltr'>me</span> <span class='ocrx_word' id='word_1_78' title='bbox 392 2078 531 2156; x_wconf 90' lang='lat' dir='ltr'>contuli,</span> <span class='ocrx_word' id='word_1_79' title='bbox 564 2077 649 2142; x_wconf 91' lang='lat' dir='ltr'>unde</span> <span class='ocrx_word' id='word_1_80' title='bbox 672 2096 755 2142; x_wconf 90' lang='lat' dir='ltr'>anno</span> <span class='ocrx_word' id='word_1_81' title='bbox 778 2081 852 2158; x_wconf 90' lang='lat' dir='ltr'>post</span> <span class='ocrx_word' id='word_1_82' title='bbox 874 2075 1055 2162; x_wconf 84' lang='lat' dir='ltr'>Tubingam</span> <span class='ocrx_word' id='word_1_83' title='bbox 1079 2077 1284 2160; x_wconf 82' lang='lat' dir='ltr'>commigravi</span> <span class='ocrx_word' id='word_1_84' title='bbox 1308 2097 1364 2144; x_wconf 86' lang='lat' dir='ltr'>sex</span> <span class='ocrx_word' id='word_1_85' title='bbox 1385 2101 1513 2147; x_wconf 87' lang='lat' dir='ltr'>menses</span> 
     </span>
     <span class='ocr_line' id='line_1_11' title="bbox 212 2180 1513 2265; baseline 0.003 -18"><span class='ocrx_word' id='word_1_86' title='bbox 212 2187 484 2265; x_wconf 85' lang='lat' dir='ltr'>commoraturus,</span> <span class='ocrx_word' id='word_1_87' title='bbox 519 2180 634 2262; x_wconf 92' lang='lat' dir='ltr'>quibus</span> <span class='ocrx_word' id='word_1_88' title='bbox 665 2181 904 2263; x_wconf 86' lang='lat' dir='ltr'>praetermissis</span> <span class='ocrx_word' id='word_1_89' title='bbox 938 2200 996 2264; x_wconf 91' lang='lat' dir='ltr'>per</span> <span class='ocrx_word' id='word_1_90' title='bbox 1032 2200 1148 2246; x_wconf 91' lang='lat' dir='ltr'>annum</span> <span class='ocrx_word' id='word_1_91' title='bbox 1183 2182 1368 2250; x_wconf 88' lang='lat' dir='ltr'>academiae</span> <span class='ocrx_word' id='word_1_92' title='bbox 1389 2187 1513 2252; x_wconf 88' lang='lat' dir='ltr'>Beroli-</span> 
     </span>
     <span class='ocr_line' id='line_1_12' title="bbox 212 2284 1514 2370; baseline 0.002 -19"><span class='ocrx_word' id='word_1_93' title='bbox 212 2286 320 2351; x_wconf 83' lang='lat' dir='ltr'>nensis</span> <span class='ocrx_word' id='word_1_94' title='bbox 343 2285 421 2351; x_wconf 88' lang='lat' dir='ltr'>civis</span> <span class='ocrx_word' id='word_1_95' title='bbox 445 2284 500 2350; x_wconf 88' lang='grc'>111.</span> <span class='ocrx_word' id='word_1_96' title='bbox 556 2287 619 2350; x_wconf 90' lang='grc' dir='ltr'>Ρο1</span> <span class='ocrx_word' id='word_1_97' title='bbox 642 2287 811 2368; x_wconf 88' lang='lat' dir='ltr'>quinquies</span> <span class='ocrx_word' id='word_1_98' title='bbox 833 2287 936 2370; x_wconf 82' lang='lat' dir='ltr'>igitur</span> <span class='ocrx_word' id='word_1_99' title='bbox 958 2305 1015 2352; x_wconf 84' lang='lat' dir='ltr'>sex</span> <span class='ocrx_word' id='word_1_100' title='bbox 1036 2305 1163 2352; x_wconf 89' lang='lat' dir='ltr'>menses</span> <span class='ocrx_word' id='word_1_101' title='bbox 1185 2286 1382 2354; x_wconf 85' lang='lat' dir='ltr'>disserentes</span> <span class='ocrx_word' id='word_1_102' title='bbox 1406 2289 1514 2354; x_wconf 90' lang='lat' dir='ltr'>audiri</span> 
     </span>
     <span class='ocr_line' id='line_1_13' title="bbox 213 2389 1513 2458; baseline 0.002 -3"><span class='ocrx_word' id='word_1_103' title='bbox 213 2392 299 2455; x_wconf 90' lang='lat' dir='ltr'>viros</span> <span class='ocrx_word' id='word_1_104' title='bbox 323 2391 542 2455; x_wconf 88' lang='lat' dir='ltr'>doctissimos:</span> <span class='ocrx_word' id='word_1_105' title='bbox 568 2391 650 2456; x_wconf 86' lang='lat' dir='ltr'>Caro</span> <span class='ocrx_word' id='word_1_106' title='bbox 664 2391 795 2457; x_wconf 84' lang='lat' dir='ltr'>Curtius</span> <span class='ocrx_word' id='word_1_107' title='bbox 817 2391 979 2456; x_wconf 89' lang='lat' dir='ltr'>Dillmann</span> <span class='ocrx_word' id='word_1_108' title='bbox 1004 2390 1043 2456; x_wconf 89' lang='lat' dir='ltr'>de</span> <span class='ocrx_word' id='word_1_109' title='bbox 1057 2389 1248 2456; x_wconf 83' lang='lat' dir='ltr'>Gutschmid</span> <span class='ocrx_word' id='word_1_110' title='bbox 1270 2391 1372 2456; x_wconf 86' lang='lat' dir='ltr'>Hertz</span> <span class='ocrx_word' id='word_1_111' title='bbox 1396 2393 1513 2458; x_wconf 88' lang='lat' dir='ltr'>Kirch-</span> 
     </span>
     <span class='ocr_line' id='line_1_14' title="bbox 212 2493 1513 2581; baseline 0.002 -22"><span class='ocrx_word' id='word_1_112' title='bbox 212 2493 280 2561; x_wconf 88' lang='lat' dir='ltr'>hoff</span> <span class='ocrx_word' id='word_1_113' title='bbox 298 2495 409 2560; x_wconf 91' lang='lat' dir='ltr'>Keller</span> <span class='ocrx_word' id='word_1_114' title='bbox 432 2495 579 2561; x_wconf 84' lang='lat' dir='ltr'>Koestlin</span> <span class='ocrx_word' id='word_1_115' title='bbox 602 2496 780 2561; x_wconf 85' lang='lat' dir='ltr'>Mommsen</span> <span class='ocrx_word' id='word_1_116' title='bbox 802 2495 939 2562; x_wconf 92' lang='lat' dir='ltr'>Mueller</span> <span class='ocrx_word' id='word_1_117' title='bbox 964 2496 1101 2560; x_wconf 89' lang='lat' dir='ltr'>Partsch</span> <span class='ocrx_word' id='word_1_118' title='bbox 1119 2494 1360 2581; x_wconf 84' lang='lat' dir='ltr'>Regelsberger</span> <span class='ocrx_word' id='word_1_119' title='bbox 1378 2496 1513 2563; x_wconf 86' lang='lat' dir='ltr'>Reiffer-</span> 
     </span>
     <span class='ocr_line' id='line_1_15' title="bbox 212 2599 1513 2667; baseline 0.002 -3"><span class='ocrx_word' id='word_1_120' title='bbox 212 2599 322 2666; x_wconf 89' lang='lat' dir='ltr'>scheid</span> <span class='ocrx_word' id='word_1_121' title='bbox 358 2599 472 2665; x_wconf 86' lang='lat' dir='ltr'>ltohde</span> <span class='ocrx_word' id='word_1_122' title='bbox 507 2599 682 2665; x_wconf 89' lang='lat' dir='ltr'>Schmoller</span> <span class='ocrx_word' id='word_1_123' title='bbox 716 2600 830 2666; x_wconf 81' lang='lat' dir='ltr'>Schola</span> <span class='ocrx_word' id='word_1_124' title='bbox 867 2600 1027 2666; x_wconf 81' lang='lat' dir='ltr'>Schrader</span> <span class='ocrx_word' id='word_1_125' title='bbox 1068 2599 1221 2666; x_wconf 85' lang='lat' dir='ltr'>Schwabe</span> <span class='ocrx_word' id='word_1_126' title='bbox 1260 2601 1300 2666; x_wconf 93' lang='lat' dir='ltr'>de</span> <span class='ocrx_word' id='word_1_127' title='bbox 1324 2601 1513 2667; x_wconf 86' lang='lat' dir='ltr'>Treitschke</span> 
     </span>
     <span class='ocr_line' id='line_1_16' title="bbox 214 2704 1514 2786; baseline 0.005 -22"><span class='ocrx_word' id='word_1_128' title='bbox 214 2704 338 2769; x_wconf 81' lang='lat' dir='ltr'>Vahlen</span> <span class='ocrx_word' id='word_1_129' title='bbox 361 2704 477 2768; x_wconf 86' lang='lat' dir='ltr'>Zeller.</span> <span class='ocrx_word' id='word_1_130' title='bbox 532 2705 692 2770; x_wconf 87' lang='lat' dir='ltr'>Autumno</span> <span class='ocrx_word' id='word_1_131' title='bbox 727 2705 801 2768; x_wconf 88' lang='lat' dir='ltr'>anni</span> <span class='ocrx_word' id='word_1_132' title='bbox 828 2709 909 2769; x_wconf 86' lang='lat'>1883</span> <span class='ocrx_word' id='word_1_133' title='bbox 934 2704 1107 2784; x_wconf 81' lang='lat' dir='ltr'>Georgiam</span> <span class='ocrx_word' id='word_1_134' title='bbox 1128 2705 1307 2785; x_wconf 82' lang='lat' dir='ltr'>Augustam</span> <span class='ocrx_word' id='word_1_135' title='bbox 1341 2705 1423 2786; x_wconf 90' lang='lat' dir='ltr'>adii,</span> <span class='ocrx_word' id='word_1_136' title='bbox 1458 2706 1514 2771; x_wconf 92' lang='lat' dir='ltr'>ubi</span> 
     </span>
     <span class='ocr_line' id='line_1_17' title="bbox 213 2807 1513 2891; baseline 0.002 -19"><span class='ocrx_word' id='word_1_137' title='bbox 213 2807 332 2872; x_wconf 90' lang='lat' dir='ltr'>scholis</span> <span class='ocrx_word' id='word_1_138' title='bbox 355 2808 486 2873; x_wconf 88' lang='lat' dir='ltr'>interfui</span> <span class='ocrx_word' id='word_1_139' title='bbox 508 2828 555 2873; x_wconf 88' lang='lat' dir='ltr'>vv.</span> <span class='ocrx_word' id='word_1_140' title='bbox 581 2809 633 2874; x_wconf 93' lang='lat' dir='ltr'>dd.</span> <span class='ocrx_word' id='word_1_141' title='bbox 657 2809 823 2873; x_wconf 88' lang='lat' dir='ltr'>Baumann</span> <span class='ocrx_word' id='word_1_142' title='bbox 853 2809 983 2889; x_wconf 88' lang='lat' dir='ltr'>Dilthey</span> <span class='ocrx_word' id='word_1_143' title='bbox 1013 2807 1204 2874; x_wconf 90' lang='lat' dir='ltr'>Kluckhohn</span> <span class='ocrx_word' id='word_1_144' title='bbox 1234 2809 1284 2874; x_wconf 89' lang='lat' dir='ltr'>W.</span> <span class='ocrx_word' id='word_1_145' title='bbox 1307 2809 1419 2891; x_wconf 92' lang='lat' dir='ltr'>Meyer</span> <span class='ocrx_word' id='word_1_146' title='bbox 1441 2811 1513 2875; x_wconf 93' lang='lat' dir='ltr'>Pei·</span> 
     </span>
     <span class='ocr_line' id='line_1_18' title="bbox 214 2911 1513 2996; baseline 0.006 -23"><span class='ocrx_word' id='word_1_147' title='bbox 214 2929 288 2991; x_wconf 90' lang='lat' dir='ltr'>pers</span> <span class='ocrx_word' id='word_1_148' title='bbox 323 2911 451 2996; x_wconf 89' lang='lat' dir='ltr'>Sauppe</span> <span class='ocrx_word' id='word_1_149' title='bbox 485 2913 665 2978; x_wconf 88' lang='lat' dir='ltr'>Schroeder</span> <span class='ocrx_word' id='word_1_150' title='bbox 687 2912 912 2994; x_wconf 90' lang='lat' dir='ltr'>Volquardsen</span> <span class='ocrx_word' id='word_1_151' title='bbox 942 2912 1092 2978; x_wconf 88' lang='lat' dir='ltr'>Weiland</span> <span class='ocrx_word' id='word_1_152' title='bbox 1114 2913 1273 2979; x_wconf 89' lang='lat' dir='ltr'>Wieseler</span> <span class='ocrx_word' id='word_1_153' title='bbox 1297 2913 1336 2978; x_wconf 93' lang='lat' dir='ltr'>de</span> <span class='ocrx_word' id='word_1_154' title='bbox 1358 2913 1513 2980; x_wconf 91' lang='lat' dir='ltr'>Wilamo-</span> 
     </span>
     <span class='ocr_line' id='line_1_19' title="bbox 213 3016 1512 3103; baseline 0.005 -25"><span class='ocrx_word' id='word_1_155' title='bbox 213 3016 295 3079; x_wconf 87' lang='lat' dir='ltr'>uitz.</span> <span class='ocrx_word' id='word_1_156' title='bbox 352 3017 448 3103; x_wconf 85' lang='lat' dir='ltr'>Regii</span> <span class='ocrx_word' id='word_1_157' title='bbox 470 3018 704 3100; x_wconf 85' lang='lat' dir='ltr'>philologorum</span> <span class='ocrx_word' id='word_1_158' title='bbox 726 3018 950 3098; x_wconf 90' lang='lat' dir='ltr'>proseminarii</span> <span class='ocrx_word' id='word_1_159' title='bbox 974 3017 1095 3083; x_wconf 89' lang='lat' dir='ltr'>sodalis</span> <span class='ocrx_word' id='word_1_160' title='bbox 1118 3016 1164 3082; x_wconf 90' lang='lat' dir='ltr'>lui</span> <span class='ocrx_word' id='word_1_161' title='bbox 1199 3017 1388 3082; x_wconf 90' lang='lat' dir='ltr'>moderante</span> <span class='ocrx_word' id='word_1_162' title='bbox 1410 3017 1512 3084; x_wconf 91' lang='lat' dir='ltr'>Wila-</span> 
     </span>
     <span class='ocr_line' id='line_1_20' title="bbox 212 3119 1512 3200; baseline 0.005 -19"><span class='ocrx_word' id='word_1_163' title='bbox 212 3119 368 3185; x_wconf 86' lang='lat' dir='ltr'>mowitzio</span> <span class='ocrx_word' id='word_1_164' title='bbox 391 3119 441 3185; x_wconf 89' lang='lat' dir='ltr'>bis</span> <span class='ocrx_word' id='word_1_165' title='bbox 465 3139 521 3184; x_wconf 89' lang='lat' dir='ltr'>sex</span> <span class='ocrx_word' id='word_1_166' title='bbox 543 3139 690 3200; x_wconf 89' lang='lat' dir='ltr'>menses,</span> <span class='ocrx_word' id='word_1_167' title='bbox 722 3122 886 3186; x_wconf 88' lang='lat' dir='ltr'>seminarii</span> <span class='ocrx_word' id='word_1_168' title='bbox 909 3121 1031 3186; x_wconf 89' lang='lat' dir='ltr'>sodalis</span> <span class='ocrx_word' id='word_1_169' title='bbox 1054 3121 1236 3186; x_wconf 88' lang='lat' dir='ltr'>ordinarius</span> <span class='ocrx_word' id='word_1_170' title='bbox 1258 3125 1310 3186; x_wconf 86' lang='lat' dir='ltr'>ter</span> <span class='ocrx_word' id='word_1_171' title='bbox 1332 3121 1512 3188; x_wconf 88' lang='lat' dir='ltr'>rectoribus</span> 
     </span>
     <span class='ocr_line' id='line_1_21' title="bbox 214 3222 1511 3310; baseline 0.005 -24"><span class='ocrx_word' id='word_1_172' title='bbox 214 3222 354 3305; x_wconf 89' lang='lat' dir='ltr'>Sauppio</span> <span class='ocrx_word' id='word_1_173' title='bbox 377 3243 414 3288; x_wconf 91' lang='lat' dir='ltr'>ac</span> <span class='ocrx_word' id='word_1_174' title='bbox 437 3224 690 3290; x_wconf 88' lang='lat' dir='ltr'>Wilamowitzio.</span> <span class='ocrx_word' id='word_1_175' title='bbox 744 3226 794 3290; x_wconf 82' lang='lat' dir='ltr'>Ad</span> <span class='ocrx_word' id='word_1_176' title='bbox 818 3226 1065 3292; x_wconf 85' lang='lat' dir='ltr'>exercitationes</span> <span class='ocrx_word' id='word_1_177' title='bbox 1088 3244 1225 3310; x_wconf 81' lang='lat' dir='ltr'>graecas</span> <span class='ocrx_word' id='word_1_178' title='bbox 1248 3226 1511 3292; x_wconf 85' lang='lat' dir='ltr'>Wilamowitnius</span> 
     </span>
     <span class='ocr_line' id='line_1_22' title="bbox 213 3325 1511 3412; baseline 0.006 -23"><span class='ocrx_word' id='word_1_179' title='bbox 213 3326 255 3390; x_wconf 88' lang='lat' dir='ltr'>ad</span> <span class='ocrx_word' id='word_1_180' title='bbox 276 3325 449 3390; x_wconf 86' lang='lat' dir='ltr'>historicas</span> <span class='ocrx_word' id='word_1_181' title='bbox 471 3328 734 3409; x_wconf 88' lang='lat' dir='ltr'>Volquardsenus</span> <span class='ocrx_word' id='word_1_182' title='bbox 757 3330 892 3412; x_wconf 85' lang='lat' dir='ltr'>benigne</span> <span class='ocrx_word' id='word_1_183' title='bbox 915 3331 1039 3397; x_wconf 91' lang='lat' dir='ltr'>aditum</span> <span class='ocrx_word' id='word_1_184' title='bbox 1060 3331 1140 3395; x_wconf 88' lang='lat' dir='ltr'>mihi</span> <span class='ocrx_word' id='word_1_185' title='bbox 1162 3331 1387 3412; x_wconf 90' lang='lat' dir='ltr'>permiserunt.</span> <span class='ocrx_word' id='word_1_186' title='bbox 1427 3332 1511 3397; x_wconf 84' lang='lat' dir='ltr'>Exa-</span> 
     </span>
     <span class='ocr_line' id='line_1_23' title="bbox 213 3430 1210 3518; baseline 0.004 -24"><span class='ocrx_word' id='word_1_187' title='bbox 213 3449 284 3496; x_wconf 93' lang='lat' dir='ltr'>men</span> <span class='ocrx_word' id='word_1_188' title='bbox 308 3431 488 3512; x_wconf 85' lang='lat' dir='ltr'>rigorosum</span> <span class='ocrx_word' id='word_1_189' title='bbox 512 3431 563 3494; x_wconf 93' lang='lat' dir='ltr'>die</span> <span class='ocrx_word' id='word_1_190' title='bbox 585 3430 639 3495; x_wconf 91' lang='lat' dir='ltr'>Vl.</span> <span class='ocrx_word' id='word_1_191' title='bbox 664 3433 784 3498; x_wconf 89' lang='lat' dir='ltr'>mensis</span> <span class='ocrx_word' id='word_1_192' title='bbox 809 3435 947 3518; x_wconf 83' lang='lat' dir='ltr'>Augusti</span> <span class='ocrx_word' id='word_1_193' title='bbox 972 3440 1054 3500; x_wconf 90' lang='grc'>1886</span> <span class='ocrx_word' id='word_1_194' title='bbox 1078 3435 1210 3500; x_wconf 87' lang='lat' dir='ltr'>absolvi.</span> 
     </span>
    </p>

    <p class='ocr_par' dir='ltr' id='par_1_3' title="bbox 212 3535 1511 3718">
     <span class='ocr_line' id='line_1_24' title="bbox 300 3535 1511 3624; baseline 0.003 -24"><span class='ocrx_word' id='word_1_195' title='bbox 300 3535 454 3601; x_wconf 91' lang='lat' dir='ltr'>Omnibus</span> <span class='ocrx_word' id='word_1_196' title='bbox 478 3536 524 3601; x_wconf 90' lang='lat' dir='ltr'>eis</span> <span class='ocrx_word' id='word_1_197' title='bbox 547 3537 601 3617; x_wconf 90' lang='lat' dir='ltr'>qui</span> <span class='ocrx_word' id='word_1_198' title='bbox 633 3555 683 3602; x_wconf 91' lang='lat' dir='ltr'>me</span> <span class='ocrx_word' id='word_1_199' title='bbox 718 3538 896 3603; x_wconf 92' lang='lat' dir='ltr'>docuerunt</span> <span class='ocrx_word' id='word_1_200' title='bbox 926 3541 1050 3624; x_wconf 83' lang='lat' dir='ltr'>gratias</span> <span class='ocrx_word' id='word_1_201' title='bbox 1083 3538 1190 3605; x_wconf 87' lang='grc'>101010</span> <span class='ocrx_word' id='word_1_202' title='bbox 1221 3558 1316 3621; x_wconf 90' lang='lat' dir='ltr'>quam</span> <span class='ocrx_word' id='word_1_203' title='bbox 1345 3540 1511 3622; x_wconf 80' lang='lat' dir='ltr'>maximae,</span> 
     </span>
     <span class='ocr_line' id='line_1_25' title="bbox 212 3641 1511 3718; baseline 0.006 -17"><span class='ocrx_word' id='word_1_204' title='bbox 212 3658 290 3718; x_wconf 89' lang='lat' dir='ltr'>prae</span> <span class='ocrx_word' id='word_1_205' title='bbox 315 3642 432 3706; x_wconf 91' lang='lat' dir='ltr'>ceteris</span> <span class='ocrx_word' id='word_1_206' title='bbox 455 3660 529 3706; x_wconf 88' lang='lat' dir='ltr'>vero</span> <span class='ocrx_word' id='word_1_207' title='bbox 554 3641 793 3706; x_wconf 84' lang='lat' dir='ltr'>HERMANNO</span> <span class='ocrx_word' id='word_1_208' title='bbox 818 3643 979 3708; x_wconf 83' lang='lat' dir='ltr'>SAUPPE</span> <span class='ocrx_word' id='word_1_209' title='bbox 1010 3643 1226 3709; x_wconf 85' lang='lat' dir='ltr'><strong>UDALRICO</strong></span> <span class='ocrx_word' id='word_1_210' title='bbox 1250 3661 1297 3706; x_wconf 81' lang='lat' dir='ltr'>on</span> <span class='ocrx_word' id='word_1_211' title='bbox 1320 3644 1511 3709; x_wconf 85' lang='lat' dir='ltr'>WILAMO·</span> 
     </span>
    </p>
   </div>
   <div class='ocr_carea' id='block_1_3' title="bbox 212 3742 1510 3927">
    <p class='ocr_par' dir='ltr' id='par_1_4' title="bbox 212 3742 1510 3927">
     <span class='ocr_line' id='line_1_26' title="bbox 212 3742 1510 3831; baseline 0.006 -25"><span class='ocrx_word' id='word_1_212' title='bbox 212 3742 695 3830; x_wconf 82' lang='lat' dir='ltr'>WlTZ-MOELLENDORFF‚</span> <span class='ocrx_word' id='word_1_213' title='bbox 719 3765 853 3829; x_wconf 89' lang='lat' dir='ltr'>qnorum</span> <span class='ocrx_word' id='word_1_214' title='bbox 877 3746 1101 3814; x_wconf 88' lang='lat' dir='ltr'>benevolentia</span> <span class='ocrx_word' id='word_1_215' title='bbox 1114 3755 1234 3830; x_wconf 90' lang='lat' dir='ltr'>quanta</span> <span class='ocrx_word' id='word_1_216' title='bbox 1251 3767 1328 3831; x_wconf 83' lang='lat' dir='ltr'>erga</span> <span class='ocrx_word' id='word_1_217' title='bbox 1344 3768 1394 3813; x_wconf 93' lang='lat' dir='ltr'>me</span> <span class='ocrx_word' id='word_1_218' title='bbox 1412 3748 1510 3814; x_wconf 88' lang='lat' dir='ltr'>fuerit</span> 
     </span>
     <span class='ocr_line' id='line_1_27' title="bbox 213 3846 587 3927; baseline 0.013 -16"><span class='ocrx_word' id='word_1_219' title='bbox 213 3865 386 3927; x_wconf 86' lang='lat' dir='ltr'>numquam</span> <span class='ocrx_word' id='word_1_220' title='bbox 408 3846 587 3916; x_wconf 88' lang='lat' dir='ltr'>obliviscar.</span> 
     </span>
    </p>
   </div>
   <div class='ocr_carea' id='block_1_4' title="bbox 0 0 1917 5370">
    <p class='ocr_par' dir='ltr' id='par_1_5' title="bbox 0 0 1917 5370">
     <span class='ocr_line' id='line_1_28' title="bbox 0 0 1917 5370; baseline 0 0"><span class='ocrx_word' id='word_1_221' title='bbox 0 0 1917 5370; x_wconf 95' lang='lat' dir='ltr'> </span> 
     </span>
    </p>
   </div>
  </div>
 </body>
</html>
