3814 5370
875 386 915 446 39

233 552 332 635 dent,
366 560 403 622 ut
433 557 467 621 in
497 573 568 622 eam
600 552 782 638 opinionem
804 553 1012 621 adducamur.
1069 555 1190 622 Contra
1212 558 1393 643 Hesychius
1416 562 1545 630 aliunde

233 677 292 726 sua
314 659 462 728 hausisse
485 664 596 743 potest
617 658 729 726 uderi
782 658 851 737 Quo
879 659 913 724 in
941 659 1126 727 discrimine
1155 663 1308 730 auxilium
1339 668 1546 750 exoptatissi-

232 784 319 832 mum
341 764 406 832 fert
427 765 551 832 lexicon
574 785 593 832 a
616 763 764 831 Bekkero
787 764 890 846 primo
913 765 982 832 loco
1006 764 1144 833 editum:
1173 767 1205 829 ἐκ
1229 773 1286 833 τῶν
1311 768 1465 858 Φρυνίχου
1487 777 1540 838 τοῦ

232 868 370 959 Ἀραβίου
392 878 446 958 τῆς
469 877 642 957 σοφιστικῆς
664 876 921 955 προπαρασκενής,
946 871 979 936 in
1002 889 1063 953 quo
1080 891 1110 954 p.
1122 877 1162 938 32
1178 873 1259 941 hacc
1276 875 1432 962 legimus:
1458 878 1542 964 Γυμ-

232 977 390 1044 conciola·
412 977 443 1042 ἐν
465 976 667 1061 Λακεδαίμονι
688 972 765 1040 κατὰ
786 973 839 1061 τήν
864 972 974 1060 ἀγορὰν
998 978 1102 1048 παῖδες
1124 976 1229 1063 γυμνοὶ
1250 985 1377 1056 παιᾶνας
1399 976 1472 1071 ᾖδον
1496 987 1540 1059 εἰς

232 1082 319 1170 τιμήν
342 1089 401 1148 τῶν
421 1081 488 1170 περὶ
512 1083 637 1169 Θυρέας.
693 1082 781 1161 Quae
813 1100 884 1148 cum
914 1086 1028 1163 aperte
1058 1101 1130 1149 cum
1151 1085 1193 1149 Εν
1214 1085 1260 1150 Μο
1282 1087 1329 1154 ito
1353 1098 1542 1176 congruant,

234 1198 271 1259 ut
294 1192 432 1258 eundem
456 1190 577 1257 iontem
598 1188 816 1270 unusquisque
839 1194 1013 1271 agnoscat,
1045 1189 1163 1257 adsunt
1196 1197 1303 1258 tamen
1334 1194 1433 1263 verba
1462 1196 1540 1263 κατὰ

235 1295 288 1382 τήν
312 1293 433 1382 ἀγορὰν,
457 1293 572 1378 quibus
594 1292 709 1377 patefit
731 1293 811 1359 haec
834 1311 905 1360 esse
930 1292 972 1359 ad
989 1294 1125 1360 eundem
1141 1297 1332 1378 scriptorem
1346 1305 1539 1390 revocanda,

235 1422 255 1469 a
278 1421 340 1485 quo
364 1401 544 1485 Hesychius
567 1399 747 1467 docuinam
770 1416 862 1464 suam
884 1403 1049 1465 mutuatus
1072 1405 1132 1466 est.
1188 1402 1303 1484 Itaque
1326 1404 1540 1478 dubitationis

234 1527 313 1576 ansa
336 1506 441 1575 tracta
465 1512 525 1587 est,
547 1505 645 1588 idque
669 1503 840 1570 dicendum
862 1503 969 1569 omnia
992 1523 1074 1586 quae
1096 1525 1116 1571 a
1137 1506 1375 1594 lexicographis
1392 1513 1432 1580 de
1449 1533 1541 1600 gym-

232 1612 400 1698 nopaediis
421 1616 595 1679 namantur
617 1629 657 1677 ex
678 1628 741 1676 uno
765 1609 923 1691 scriptore
946 1627 1019 1676 esse
1042 1610 1223 1692 compilata.
1268 1614 1368 1682 Simul
1390 1637 1467 1686 vero
1490 1621 1538 1688 ia·

232 1727 360 1786 teamur
392 1722 521 1801 oportet
553 1717 614 1783 hoc
645 1715 773 1798 quidem
804 1715 837 1780 in
864 1733 900 1780 re
929 1714 961 1779 in
992 1714 1159 1798 Hesychia
1176 1719 1244 1783 solo
1266 1719 1358 1789 nobis
1380 1741 1443 1790 non
1466 1745 1538 1794 esse

234 1822 510 1908 acquiescendum,
533 1821 591 1888 sed
615 1839 687 1887 eum
710 1838 782 1886 esse
806 1820 863 1898 eis,
887 1837 970 1902 quae
991 1821 1109 1902 reliqui
1132 1832 1350 1910 serraverunt,
1374 1832 1538 1912 complen-

234 1931 316 1998 dum.
373 1928 474 2008 Quem
496 1929 528 1992 in
551 1925 645 1992 finem
670 1925 818 1991 Timaeus
850 1942 974 2006 quoque
1006 1925 1207 1994 adhibendus
1230 1935 1297 2014 est,
1336 1933 1421 2016 apud
1445 1955 1539 2019 quem

236 2040 345 2103 extant
367 2053 435 2102 s.v.
460 2030 682 2117 Γυμνοπαιδία·
711 2027 798 2117 χοροὶ
826 2030 855 2094 ἐν
879 2027 1002 2116 Σπάρτῃ
1024 2036 1078 2115 τῆς
1100 2030 1282 2119 Λακωνικῆς
1313 2037 1354 2109 εἰς
1383 2037 1472 2113 θεοὺς
1503 2042 1540 2106 ὅ.

242 2163 327 2225 μνονς
347 2131 467 2226 ᾅδοντες
490 2138 531 2210 εἰς
553 2135 639 2222 τιμήν
662 2141 720 2200 τῶν
744 2137 774 2200 ἐν
790 2135 915 2220 Θυρέαις
939 2135 1023 2222 (cod.
1037 2135 1194 2222 Θυραιαῖς)
1212 2138 1422 2208 ἀποθανόντων
1435 2145 1540 2234 Σπαρ-

242 2249 352 2309 τιατῶν.
382 2242 492 2312 Verba
514 2243 597 2310 enim
621 2241 914 2327 εἰς-Σπαρτιατῶν
937 2247 1106 2324 praestant
1129 2248 1162 2308 et
1183 2237 1221 2309 Ei
1242 2240 1285 2310 Mi
1299 2250 1476 2318 narrationi
1498 2254 1540 2326 εἰς

241 2347 304 2423 τοὺς
324 2349 386 2438 περὶ
410 2349 525 2436 Θυρέαν
548 2350 691 2420 πεσόντας
714 2356 748 2416 et
769 2347 944 2432 Phrynichi
966 2347 1007 2419 εἰς
1027 2346 1114 2433 τιμήν
1137 2353 1195 2413 τῶν
1219 2348 1285 2437 περὶ
1309 2353 1432 2440 Θυρέας.

320 2455 484 2542 Subiungo
506 2455 580 2522 huic
603 2456 731 2541 glossae
748 2455 855 2538 oliam,
880 2471 962 2535 quae
979 2454 1064 2520 unde
1081 2455 1114 2519 in
1128 2455 1231 2522 lexico
1243 2457 1408 2527 devenerit
1422 2463 1537 2532 etiam·

235 2581 316 2630 nunc
338 2568 447 2646 potest
471 2560 696 2641 demonstrari,
721 2560 792 2628 dico
814 2561 956 2644 glossam
979 2562 1182 2647 γαιήοχος.
1229 2562 1317 2642 Quae
1342 2585 1535 2652 quamquam

230 2669 263 2735 in
294 2667 455 2753 Hesychia
486 2686 549 2734 una
580 2675 632 2735 est
666 2671 755 2752 (uam
774 2666 968 2750 Hesychium
996 2685 1021 2732 s.
1050 2686 1078 2732 v.
1109 2664 1270 2754 γαιάοχος·
1304 2673 1473 2761 ἠπειρώτης
1503 2682 1537 2744 ος

228 2774 407 2860 γαιηούχιμ·
437 2777 479 2858 τῷ
500 2770 554 2858 τήν
576 2779 631 2857 γῆν
655 2773 774 2858 ὀχοῦντι
795 2769 846 2836 καὶ
870 2771 1021 2858 συνέχοντι
1042 2790 1105 2837 non
1129 2771 1343 2862 curabimus),
1377 2780 1409 2845 in
1432 2781 1536 2850 lexico

161 2860 162 2864 ¹
229 2881 429 2968 Segueriano
453 2878 579 2962 duplex,
602 2883 712 2944 tammr
735 2877 848 2945 eodem
871 2878 942 2944 loco
965 2896 1021 2944 eas
1042 2879 1229 2960 provenisse
1252 2883 1457 2953 manifestum
1471 2888 1535 2956 erit

230 2988 259 3055 si
281 2985 466 3054 subiecere:

441 3091 497 3156 BA
517 3109 550 3173 p.
574 3092 648 3156 229.
1185 3091 1263 3161 Hes.

271 3197 488 3282 γαιήοχος·
517 3191 617 3270 ἵππιος
655 3197 739 3281 (cod.
761 3194 863 3281 ἵππος)
939 3197 1157 3283 γαιήοχος·
1188 3198 1204 3260 ὁ
1233 3199 1286 3287 τήν
1309 3201 1531 3293 γῆνσυνέχιυν,

229 3300 287 3368 ἀπὸ
310 3305 363 3367 τοῦ
385 3303 444 3375 τοῖς
467 3301 602 3388 ὀχήμασι
624 3301 748 3387 χαίρειν.
894 3306 914 3388 ή
939 3300 986 3367 ἐπὶ
1008 3310 1061 3389 τῆς
1084 3309 1140 3389 γῆς
1162 3303 1334 3391 ὀχούμενος,
1365 3313 1385 3396 ή
1410 3313 1425 3374 ὁ
1449 3313 1532 3377 ἱππι-

270 3409 485 3494 γαιήοχος·
521 3406 612 3494 ὁτήν
640 3413 694 3493 γῆν
729 3407 862 3493 συνέχων
893 3404 945 3479 κὸς
978 3405 1064 3471 besl
1099 3411 1160 3482 τοῖς
1193 3412 1341 3497 ὀχήμασιν
1365 3420 1453 3502 <ἢ>
1476 3419 1532 3506 ἅρ-

225 3514 317 3600 aar
340 3513 432 3601 αὐτὴν
456 3512 566 3600 (scrib.
590 3510 659 3598 -ής)
687 3510 860 3598 ὀχούμενος.
896 3535 968 3596 μασι
988 3511 1113 3598 χαίρων.
1159 3513 1315 3591 Λάκωνες.

312 3618 407 3686 Unde
430 3623 538 3686 autem
559 3619 641 3686 haec
664 3618 730 3685 sint
752 3615 937 3698 derivanda,
960 3616 1057 3684 docet
1077 3620 1221 3687 scholion
1243 3623 1275 3688 in
1299 3626 1391 3694 llisd.
1413 3629 1443 3694 N
1469 3635 1528 3696 125

224 3724 389 3807 aliquanto
422 3723 553 3792 uberius
576 3725 608 3790 in
630 3724 732 3789 ΕΟΜ0
757 3728 929 3790 servatum.
986 3722 1145 3792 Nimirum
1167 3727 1247 3794 haec
1272 3733 1378 3798 omnia
1402 3753 1419 3800 e
1443 3754 1528 3802 com-

227 3829 385 3896 mentario
407 3830 439 3895 in
463 3830 638 3897 Homerum
661 3831 782 3913 scripto
805 3847 877 3895 esse
906 3829 1084 3911 repetenda
1115 3831 1284 3914 probabile
1316 3837 1407 3906 duco.
1465 3841 1530 3909 Sed

225 3934 309 4017 quod
324 3934 503 4019 Hesychius
527 3935 646 4018 optimo
668 3935 738 4002 iure
761 3933 858 4002 serbo
881 3931 1027 4006 Λάκωνες
1048 3935 1310 4020 interpretationi
1333 3943 1460 4013 adiecto
1480 3947 1529 4013 in-

223 4041 312 4108 dicat
344 4039 529 4122 Neptunum
560 4039 767 4108 Geeauchum
797 4060 817 4107 a
846 4039 1112 4108 Lacedaemoniis
1146 4061 1217 4110 esse
1251 4047 1389 4133 cultum,
1421 4050 1455 4117 id
1488 4072 1528 4120 ex

221 4146 380 4230 scriptore
401 4145 546 4212 melioris
575 4150 672 4212 notae
706 4164 779 4212 eum
806 4146 954 4213 hausisse
984 4147 1018 4212 in
1039 4151 1211 4230 propatulo
1245 4157 1329 4238 est..
1362 4155 1528 4226 Habemus

219 4253 321 4340 igitur
343 4250 476 4318 tandem
498 4252 640 4337 glossam
663 4270 683 4317 a
706 4249 923 4335 compluribus
945 4254 1167 4338 grammaticis
1190 4275 1230 4322 ex
1259 4277 1322 4326 uno
1351 4259 1440 4330 fonte
1463 4264 1521 4332 de·

218 4361 366 4442 muctam,
390 4356 480 4424 cuius
502 4362 611 4423 temen
633 4375 725 4424 usum
747 4356 902 4424 faciemus
927 4358 1031 4424 solum
1052 4359 1247 4444 Hesychium
1271 4367 1418 4448 amplexi.

305 4463 369 4532 Sed
391 4463 499 4548 paullo
523 4461 620 4528 aliter
642 4481 695 4529 res
718 4481 754 4530 se
776 4461 877 4528 habet
898 4463 931 4528 in
962 4465 1081 4532 ceteris
1107 4466 1202 4534 huius
1232 4471 1362 4556 generis
1396 4476 1521 4557 glossis.

219 4570 264 4637 Ac
296 4570 337 4637 de
372 4571 473 4655 μόρα
507 4567 637 4651 quidem
663 4568 730 4634 iam
752 4568 910 4635 Henricus
933 4568 1068 4636 Stehien
1091 4572 1125 4654 (l.
1149 4591 1176 4638 c.
1199 4592 1231 4655 p.
1255 4577 1289 4659 8)
1324 4582 1522 4649 sententiam

218 4676 454 4759 pronuntiavit,
488 4674 683 4758 Hesychium
706 4673 818 4742 eodem
842 4674 930 4741 fonte
959 4692 1052 4742 usum
1082 4694 1153 4742 esse
1175 4678 1209 4743 in
1231 4699 1308 4747 voce
1332 4685 1521 4766 explicanda

217 4783 315 4862 atque
339 4785 467 4848 ceteros
489 4779 530 4846 de
552 4777 666 4862 quibus
688 4780 822 4864 eginum
879 4780 1000 4848 Contra
1021 4799 1135 4848 vereor
1156 4787 1193 4848 ut
1214 4783 1301 4852 idem
1325 4792 1522 4860 censendum

215 4883 259 4952 sit
280 4885 321 4953 de
344 4887 432 4954 vocis
454 4883 596 4974 ἔφοροι
618 4885 895 4970 explicationibus.
941 4885 1094 4973 Hesychii
1118 4887 1206 4958 nulla
1222 4896 1282 4976 est,
1303 4893 1516 4984 probaetque
