3814 5370
919 389 958 448 55

288 559 364 626 sibii
385 558 476 625 libris
499 555 565 644 περὶ
587 563 644 620 τῶν
668 557 697 620 ἐν
722 553 929 638 Λακεδαίμονι
951 555 1063 618 θυσιῶν
1092 559 1221 636 sumpta
1250 554 1370 620 fuerint
1392 575 1454 622 non
1475 574 1589 621 vereor

288 685 330 729 ne
364 663 539 730 dubitetur.
595 662 757 728 Nonnulla
786 679 863 726 vero
894 678 933 724 ex
964 659 1010 724 ais
1041 659 1120 741 ipsis
1142 659 1227 741 quod
1249 660 1282 724 in
1305 660 1441 726 aliorum
1463 679 1588 743 quoque

289 769 399 834 lexicis
422 767 570 850 anonymi
592 766 795 848 potissimum
815 763 1011 829 Bekheriani
1034 763 1199 848 leguntur,
1223 783 1286 829 non
1308 765 1401 830 modo
1424 763 1589 830 offensioni

289 891 351 938 non
374 878 435 950 est,
456 871 514 936 sed
537 869 689 935 facillime
713 870 912 951 explanatur.
968 867 1126 934 Nimirum
1156 873 1189 934 at
1220 869 1395 950 scriptores
1419 877 1452 935 et
1474 877 1589 952 poetae

286 978 383 1043 sicuti
416 995 470 1042 rcs
502 973 646 1059 ferebat,
679 975 874 1040 mentionem
904 973 1049 1040 lecerunt
1078 973 1220 1040 instituti
1254 975 1387 1040 alicuius
1419 975 1588 1056 Laconioi3
1648 1005 1649 1012 .

286 1079 593 1162 velutThucydidcs
609 1079 794 1144 Herodotus
818 1078 927 1144 dicunt
950 1077 991 1142 de
1013 1077 1265 1159 gymnopaediis,
1290 1078 1441 1160 Epilycus
1463 1079 1504 1145 de
1520 1081 1588 1161 pla-

286 1187 391 1251 centis
415 1186 544 1270 βήρσριες
567 1183 749 1264 appellatis.
795 1182 883 1260 Quae
906 1183 948 1248 ad
972 1183 1161 1264 explicanda
1185 1202 1255 1247 cunr
1278 1185 1478 1264 grammatici
1502 1185 1587 1250 Sosi-

287 1290 375 1355 bimn
397 1290 448 1354 vol
470 1289 693 1370 compendium
715 1289 795 1353 illud
818 1287 1029 1370 adhiberent,
1053 1287 1175 1352 iactum
1198 1293 1263 1369 est,
1296 1292 1333 1352 ut
1355 1307 1393 1352 ex
1415 1287 1487 1352 aliis
1510 1308 1587 1369 quo-

289 1413 352 1475 que
375 1394 486 1459 lexicis
509 1395 613 1458 frusta
635 1393 786 1458 nonnulla
804 1393 995 1458 eruditionis
1008 1392 1196 1458 Sosibianae
1212 1410 1404 1472 recuperare
1418 1394 1587 1473 possimus.

374 1498 458 1576 Quot
482 1502 590 1563 autem
612 1497 731 1580 glossis
755 1516 794 1561 ex
813 1498 966 1579 Hesychii
990 1503 1087 1578 atqua
1110 1497 1258 1579 anonymi
1271 1497 1465 1561 Beklxeriani
1487 1499 1587 1579 copiis

287 1601 406 1668 Sosibii
427 1620 542 1666 nomen
566 1600 833 1666 subscribendum
856 1620 1005 1666 censeam
1027 1608 1064 1666 ut
1085 1600 1237 1682 patefiat,
1270 1606 1376 1665 restat
1407 1607 1443 1666 ut
1466 1604 1587 1668 catalo-

284 1727 360 1788 gum
382 1706 564 1791 glossarum
588 1705 761 1771 exordiae
784 1705 989 1788 alphabetico
1014 1707 1224 1787 compositum
1248 1705 1412 1771 subiciam.
1457 1706 1495 1771 Id
1516 1713 1586 1772 tan-

283 1818 351 1876 tnm
373 1811 645 1895 praemonendum
669 1815 719 1876 est
743 1830 794 1876 me
819 1831 857 1877 ca
880 1812 1067 1877 testimonia
1081 1812 1151 1876 sola
1167 1811 1341 1893 addidisse,
1365 1830 1494 1893 quaero
1510 1832 1587 1877 vera

283 1917 405 1998 aliquid
428 1917 469 1981 ad
492 1915 756 1997 interpretandas
779 1916 831 1981 vel
853 1915 1073 1981 emendandas
1103 1917 1230 2000 glossas
1263 1917 1417 1996 prodesse
1440 1918 1518 1982 mihi
1539 1919 1585 1982 vi-

282 2021 453 2088 debantur.
517 2021 587 2098 Qua
620 2022 652 2084 in
686 2039 723 2086 re
754 2021 788 2085 id
810 2039 926 2103 magno
948 2040 1046 2103 opere
1071 2021 1183 2103 doleo,
1220 2022 1303 2102 quod
1338 2027 1406 2086 tam
1436 2023 1586 2108 exiguam

287 2145 427 2193 messem
449 2144 488 2190 ex
510 2124 591 2206 ipsis
614 2125 718 2191 titulis
739 2125 906 2192 Laconicis
930 2126 1084 2212 colligere
1105 2126 1205 2207 potui.

837 2413 1057 2422 ———--.-—--

372 2655 400 2714 1.
445 2645 617 2733 Ἀγητής·
642 2649 657 2709 b
680 2647 850 2732 ἱερωμένος,
875 2645 987 2731 ἄτιμος.
1029 2648 1058 2710 ἐν
1084 2645 1116 2709 δὲ
1139 2649 1198 2719 τοῖς
1213 2645 1369 2734 Καρνείοις
1393 2649 1585 2735 ύὶερωμένος

282 2759 337 2837 τῆς
360 2755 443 2816 θεοῦ.
476 2750 527 2816 καὶ
548 2755 568 2837 ἡ
592 2751 680 2837 ἑορτὴ
705 2750 867 2836 Ἀγητύρια.

373 2855 413 2924 ci.
438 2858 532 2923 lexici
564 2857 817 2923 Bachmanniani
851 2858 919 2940 (BA
949 2877 981 2938 p.
1005 2857 1101 2940 438);
1134 2857 1294 2943 ἀνύσῃς·
1325 2860 1422 2945 ἱκέτης
1448 2860 1498 2925 καὶ
1528 2886 1586 2925 κα-

284 2961 431 3048 θάρσιος·
455 2961 505 3025 καὶ
528 2959 584 3047 γὰρ
608 2963 623 3023 ὁ
648 2960 759 3047 μύσους
782 2959 931 3044 ἁγνισθεὶς
952 2959 1002 3025 καὶ
1026 2963 1041 3024 ὁ
1063 2963 1201 3048 καθήρας
1224 2963 1318 3036 οὕτως
1340 2965 1486 3048 ἐλέγοντο.
1519 2968 1586 3033 He-

287 3069 389 3153 sycbii
411 3069 553 3152 glossam
575 3085 638 3133 non
660 3085 773 3133 sanam
797 3085 869 3132 esse
890 3071 983 3149 patet
1005 3086 1045 3132 ex
1068 3065 1180 3152 ἄτιμος,
1205 3070 1290 3151 quod
1311 3070 1443 3137 verbum
1463 3072 1505 3138 ad
1520 3072 1585 3135 ἀτί-

285 3201 338 3260 της
360 3175 524 3256 respicere
545 3178 636 3238 recte
659 3172 854 3238 Schmidtius
875 3173 1044 3238 intellexit.
1101 3171 1211 3238 Habet
1233 3175 1310 3239 Hes.
1335 3193 1360 3239 s.
1378 3195 1407 3241 v.
1430 3175 1492 3238 ἀτί
1500 3199 1584 3261 την·

284 3281 471 3366 ἀτιμώρητον
496 3275 616 3363 ἄπορον,
641 3275 752 3363 ἄτιμον,
775 3276 824 3341 τύν
850 3276 890 3361 μὴ
915 3275 1023 3364 ἔχοντα
1046 3277 1194 3342 ἀποτῖσαι.
1242 3279 1417 3345 Genetivus
1431 3287 1483 3364 τῆς
1502 3282 1586 3365 (cod.

285 3389 338 3449 τοῦ
361 3384 522 3450 Meursius
544 3387 579 3448 et
600 3381 762 3468 Mainake)
785 3383 858 3445 θεοῦ
886 3383 938 3448 vix
965 3384 1153 3465 explicatur.
1197 3385 1247 3450 Dc
1271 3385 1404 3451 Carneis
1425 3386 1499 3452 vide
1521 3387 1586 3451 De·

288 3492 439 3556 metrium
463 3487 633 3569 Shepsium
655 3487 741 3569 apud
762 3488 878 3552 Athen.
901 3487 946 3553 IV
971 3493 1041 3552 141.

372 3600 401 3660 2.
446 3591 648 3677 Ἀγιγαῖος·
667 3591 810 3677 ”Appellat
831 3592 966 3654 καλεῖται
988 3590 1069 3676 παρὰ
1091 3590 1234 3658 Λάκωσιν
1259 3595 1274 3656 ὁ
1298 3591 1491 3678 Ἀμύνλαντος
1512 3597 1583 3666 olda.

372 3700 488 3766 Glossa
510 3705 661 3780 corrupta
683 3704 743 3764 est.
788 3698 968 3763 Pausanias
1001 3699 1062 3780 (ΙΙΙ
1087 3705 1122 3781 1,
1145 3700 1178 3782 3)
1209 3700 1363 3783 Argalum
1386 3702 1584 3784 Amyclantis

285 3803 395 3880 lilium,
419 3804 594 3886 Hyacinthi
613 3803 749 3869 fratrem
769 3801 870 3868 luisse
892 3803 980 3867 dicit.

374 3913 403 3974 3.
448 3905 676 3993 Ἀγλαύπης·
702 3909 718 3971 ὁ
741 3905 920 3993 Ἀσκληπιός.
954 3905 1111 3980 Λάκωνες.

373 4020 403 4078 4.
447 4010 729 4097 Ἀγρετήροιτα·
752 4010 789 4076 τὰ
807 4012 1011 4097 ἀγορευόμενα
1025 4017 1083 4076 τῶν
1098 4012 1265 4098 παρθένων.
1298 4012 1453 4088 Λάκωνες.
1487 4017 1584 4083 Pror-

289 4138 345 4185 sus
368 4117 505 4184 obscura
528 4124 589 4184 est.
633 4118 762 4184 Haereo
785 4117 901 4184 dubius
923 4137 998 4183 num
1020 4117 1121 4185 faciat
1144 4120 1266 4201 aliquid
1289 4122 1331 4186 ad
1353 4122 1436 4188 hanc
1458 4123 1583 4188 intelle·

288 4223 427 4306 gandam
449 4224 576 4308 glossa:
601 4219 783 4307 ἅγρεται·
809 4221 945 4307 (ἀγρέται
962 4223 1097 4289 Salmas
1122 4223 1394 4310 o’rpperaiRuhnk.)
1417 4225 1498 4313 παρὰ
1510 4227 1584 4292 Κώ-

286 4353 331 4400 οις
353 4327 438 4392 ἐννέα
458 4328 546 4414 κύραι
566 4325 627 4390 κατ’
655 4325 786 4391 ἐνιαυτὸν
810 4325 984 4412 αἱρούμενοι
1004 4327 1076 4414 πρὸς
1099 4329 1259 4415 θεραπείαν
1282 4338 1335 4416 τῆς
1354 4329 1488 4418 Ἀθηνᾶς.

375 4439 404 4500 5.
450 4430 693 4517 Αἰγοφάγος·
709 4425 799 4518 Ἥρα
822 4433 988 4518 (Heinsius
1000 4435 1088 4501 cod.:
1110 4437 1206 4522 χήρα)
1225 4437 1254 4501 ἐν
1267 4436 1398 4524 Σπάρτῃ.
1435 4440 1475 4506 cf.
1488 4441 1582 4506 Paus.

284 4539 334 4604 111
359 4545 409 4619 15,
433 4544 462 4604 7.

374 4649 403 4709 6.
447 4641 667 4729 Ἁλιοβύλη·
705 4643 827 4716 σύνοδος
850 4644 936 4729 ἡλίου
960 4644 1031 4728 ἅμα.
1067 4643 1222 4719 Λάκωνες.
1672 4729 1674 4732 ¹

374 4749 466 4815 Hanc
488 4751 627 4832 glossam
651 4751 795 4832 quamvis
816 4749 933 4817 dubius
956 4751 1116 4834 adscripsi
1146 4758 1272 4836 tamen,
1308 4757 1382 4836 quia
1411 4756 1454 4821 ad
1482 4755 1584 4822 festos

287 4852 498 4921 celebrandos
521 4857 599 4922 solis
624 4860 720 4938 atque
744 4857 837 4922 lunae
860 4857 1010 4939 periodos
1034 4858 1169 4925 multum
1190 4860 1329 4926 valuisse
1351 4881 1411 4942 par
1429 4867 1488 4926 est.
1534 4863 1585 4926 ln-
